2052 3172
938 140 991 180 53

214 277 315 320 dum
333 286 424 318 rem
452 272 685 317 abhorrere
704 286 758 317 ne
786 274 929 330 lippus
949 275 1120 330 quidem
1148 272 1334 329 negabit.
1387 274 1472 319 Sed
1502 275 1540 318 si
1567 278 1719 330 poetae

213 342 372 388 licebat
399 342 442 385 in
474 342 640 385 Graeca
668 341 814 387 fabula
842 345 1031 388 Romana
1066 345 1159 389 loca
1187 356 1425 398 moresque·
1440 344 1616 388 Latinos
1646 345 1718 389 de-

213 413 403 467 pingere,
442 411 480 454 si
508 414 558 454 ut
585 411 776 465 prologis
806 417 1057 468 argmenta
1088 413 1308 467 suppleret
1335 416 1487 467 poetae
1517 414 1718 458 concede·

161 475 163 478 ⁴
213 481 342 524 batur
370 480 684 534 choragnmque
715 480 1016 526 Atheniensem
1056 481 1285 526 certissimi
1315 480 1493 532 Quiritis
1524 494 1720 527 sermone

214 551 405 591 utentem
440 548 733 602 induceret,⁴⁹)
770 550 866 603 quis
901 563 997 593 eum
1033 551 1242 603 obiurget,
1284 549 1321 591 si
1358 549 1489 591 semel
1516 550 1720 594 Pellionis

214 616 428 661 mentione
453 620 693 671 spectantes
723 618 778 662 ad
805 619 1003 674 proprias
1032 631 1238 674 personas
1265 620 1396 672 atque
1424 621 1617 673 tempora
1646 619 1718 662 de-

215 686 362 729 duxit?
420 686 543 737 Quod
577 690 720 730 autem
758 688 888 730 semel
922 688 1003 731 hoc
1048 688 1160 742 fecit,
1205 690 1255 729 ut
1289 687 1501 730 scenicum
1535 691 1717 742 notaret,

214 749 260 797 id
298 754 438 808 ipsum
476 755 663 798 malitiae
702 755 978 810 opprobrium
1019 758 1125 800 satis
1165 755 1363 799 infirmat.
1435 755 1545 798 Nam
1577 768 1716 809 quum

216 823 375 878 optimo
420 823 514 866 iure
553 836 695 867 coram
730 824 1024 879 spectantibus
1063 829 1250 869 actorem
1290 824 1557 878 vituperasse
1595 824 1715 867 nobis

215 891 411 934 videatur
426 895 470 934 et
485 893 614 935 semel
630 896 808 946 tantum,
830 894 943 946 quod
957 906 1035 936 nos
1051 894 1221 947 quidem
1237 894 1433 945 sciamus,
1454 886 1533 935 hoc
1552 892 1714 944 fecerit,

215 962 440 1013 utrumque
476 972 572 1003 eum
599 960 695 1014 pari
723 960 847 1004 modo
884 961 1081 1005 calluisse
1117 962 1336 1014 sentimus,
1374 965 1419 1004 et
1453 961 1716 1004 scenicorum

213 1028 331 1070 vitiis
360 1028 581 1082 indulgere
611 1032 655 1070 et
679 1029 844 1082 proprii
864 1030 1008 1083 operis
1029 1030 1291 1083 dignitatem,
1322 1042 1451 1082 quum
1479 1042 1549 1088 res
1569 1033 1715 1083 postu-

173 1119 179 1122 *
211 1094 342 1149 labat,
384 1108 567 1139 servare.
634 1096 692 1139 Et
730 1097 808 1140 hoc
849 1098 1127 1152 ambiguitate
1157 1098 1271 1141 vocis
1307 1098 1453 1151 ,actor‘
1489 1109 1592 1140 usus
1627 1101 1715 1140 tam

213 1164 431 1218 eleganter
470 1168 514 1207 et
553 1164 689 1208 facete
718 1164 820 1209 fecit
847 1191 904 1196 —
934 1167 1047 1221 quod
1085 1180 1139 1210 ne
1177 1166 1363 1209 Weisius
1392 1166 1563 1220 quidem
1587 1170 1717 1220 negat

212 1245 349 1286 neque
375 1233 597 1287 quisquam
635 1234 728 1277 iure
758 1238 946 1288 negaret,
986 1235 1154 1278 etiamsi
1193 1235 1249 1277 ad
1277 1235 1534 1280 tralaticiam
1568 1235 1715 1278 lectio-

212 1313 308 1344 nem
333 1301 463 1343 laerus
491 1315 569 1356 pro
598 1303 667 1344 res
686 1302 942 1358 [Ritseheh]
967 1307 1292 1356 reverteremur,
1320 1328 1368 1334 —
1392 1307 1442 1346 ut
1457 1303 1716 1345 Weisiorum

212 1368 402 1423 profecto
443 1369 610 1413 iudiciis
647 1383 754 1425 opus
797 1375 924 1424 esset,
965 1384 1072 1426 quae
1112 1371 1195 1414 sibi
1233 1372 1541 1426 persuaderent
1570 1384 1713 1415 omnes

211 1439 378 1492 priores
398 1440 709 1493 grammaticos,
741 1453 885 1484 omnes
905 1442 1144 1494 promiscue
1164 1441 1354 1484 homines
1379 1441 1573 1484 literatos
1594 1441 1713 1484 stoli-

213 1507 355 1551 diores
398 1506 542 1560 fuisse‚
587 1521 714 1562 quam
750 1509 822 1562 qui
865 1509 1000 1563 inepti
1028 1513 1180 1564 poetae
1209 1509 1480 1552 sedulitatem
1508 1509 1714 1560 insulsam

212 1576 574 1630 perspicerent.⁵⁰)

325 1645 431 1688 Post
460 1646 567 1690 hanc
597 1647 903 1701 digressionem
933 1659 1017 1690 non
1047 1650 1302 1701 exoptatam,
1340 1647 1384 1689 in
1415 1658 1542 1701 quam
1571 1646 1627 1688 K.
1651 1647 1710 1689 H.

222 1713 354 1757 Weisi
381 1713 525 1758 libello
555 1714 723 1770 abrepti
753 1729 911 1769 sumus,
941 1717 1042 1759 illuc
1061 1716 1285 1759 redeamus
1305 1716 1411 1758 nihil
1432 1728 1585 1759 causae
1605 1729 1713 1770 esse,

213 1795 289 1825 cur
318 1794 487 1825 versum
516 1784 635 1826 illum
664 1785 919 1827 Bacchidum
958 1797 1036 1838 pro
1068 1785 1214 1838 spurio
1243 1783 1494 1836 habeamus3
1535 1785 1647 1838 quod
1678 1786 1715 1827 si

214 1866 309 1896 cum
326 1851 576 1905 Ritschelio,
606 1852 662 1894 R.
687 1852 892 1906 Mallero,
923 1852 1173 1906 Ladewiyio
1204 1853 1443 1904 statuimus,
1474 1853 1519 1895 id
1548 1865 1715 1906 quoque

212 1920 347 1976 liquet
362 1920 595 1964 Bacchides
616 1933 710 1964 cum
725 1921 902 1976 Epidico
924 1921 1138 1964 artissime
1159 1933 1253 1964 esse
1273 1920 1539 1964 coniunctam
1558 1920 1714 1963 eidem-

213 2003 295 2044 que
324 1994 477 2043 poetae
505 1993 729 2044 utramque
759 1990 916 2033 deberi.
964 1990 1094 2043 Atqui
1124 2003 1208 2032 non
1239 1991 1376 2032 solum
1404 1994 1642 2043 temporum
1671 1993 1715 2032 et

213 2070 356 2102 rerum
385 2061 544 2101 statum
571 2058 616 2100 in
645 2058 925 2102 Bacchidibus
962 2058 1017 2102 ad
1044 2058 1185 2101 Plauti
1222 2070 1372 2101 aevum
1401 2062 1596 2113 spectare
1627 2058 1713 2101 iam

212 2127 478 2169 Bit-schelius
505 2141 672 2181 parerg.
695 2128 776 2170 VII
806 2128 872 2180 ‚de
901 2128 962 2169 Pl.
990 2128 1156 2169 Bacch.‘
1186 2140 1280 2180 pag.
1305 2131 1385 2170 391
1419 2128 1713 2169 demonstrare

212 2194 455 2239 felicissime
475 2195 672 2249 instituit,
695 2195 771 2239 sed
790 2195 918 2239 etiam
936 2195 1138 2239 Pellionis
1159 2195 1565 2248 commemoratione,
1587 2206 1712 2249 quem

211 2265 353 2306 Plauti
394 2268 582 2307 actorem
633 2277 810 2318 eumque
846 2266 1001 2307 malum
1048 2264 1180 2307 fuisse
1221 2268 1388 2306 constat
1439 2264 1507 2318 (cf.
1541 2263 1732 2317 Ritseh„

212 2331 238 2374 1.
261 2345 295 2375 s.
316 2345 348 2375 s.
369 2346 409 2387 p.
435 2336 515 2375 262
538 2333 660 2388 sqq.),
701 2336 873 2388 poetam
901 2333 1020 2376 illum
1039 2333 1270 2376 Bacchides
1298 2331 1470 2376 finxisse
1500 2332 1606 2376 satis
1648 2332 1711 2375 di-

212 2401 439 2457 scimus.⁵1)
498 2402 612 2455 Ergo
642 2403 844 2456 Epidicus
874 2404 1026 2445 Plauto
1057 2403 1245 2445 debetur.

327 2471 520 2527 Denique
549 2471 629 2516 hoc
650 2484 780 2516 unum
808 2472 1020 2516 mentione
1041 2471 1215 2526 dignum
1244 2474 1322 2515 est.
1364 2470 1459 2514 Non
1479 2466 1731 2515 Bacchides*

213 2534 378 2583 tantum
400 2542 476 2584 sed
496 2542 718 2595 Epidicum
738 2555 904 2596 quoque
923 2546 1022 2596 post
1042 2554 1194 2584 annum
1211 2541 1325 2583 DLX
1344 2554 1381 2584 a.
1403 2554 1443 2584 u.
1465 2542 1650 2595 primum
1668 2543 1713 2584 in

213 2622 382 2654 scenam
400 2610 612 2665 prodiisse
632 2611 685 2654 de
705 2611 780 2654 illa
793 2611 1058 2654 Ritsckelius
1076 2611 1294 2666 praeclare
1310 2610 1498 2654 ostendit
1518 2610 1710 2666 (Parerg.

211 2693 253 2733 p.
277 2683 357 2722 391
383 2679 506 2734 sqq.),
555 2680 607 2722 de
652 2680 730 2723 hac
771 2681 950 2723 aliorum
994 2680 1225 2723 sententias
1270 2680 1378 2722 inita
1422 2678 1714 2734 subductaque

211 2748 377 2792 ratione
396 2749 683 2793 examinantes
714 2749 787 2804 (cf,
806 2761 1030 2792 excursum
1048 2762 1143 2804 pag.
1164 2748 1234 2803 55)
1265 2747 1389 2792 nobis
1409 2749 1710 2803 persuasimus.
