2052 3172
946 72 1002 113 42

218 209 396 250 raturus
425 206 567 250 dicere
605 220 669 258 ‚ea
704 207 789 249 iam
824 205 984 249 domist
1018 218 1097 260 pro
1126 206 1216 251 filia
1224 208 1259 249 ’θ’
1318 206 1581 261 Quamquam
1617 205 1729 248 enim

217 274 374 330 aliquis
409 275 641 319 contendat
677 288 799 317 nunc
833 286 938 318 voce
973 287 1012 318 v.
1035 278 1117 318 357
1158 275 1316 319 iterata
1357 274 1464 318 satis
1500 273 1730 318 monstrari

220 343 443 397 Epidicum
473 343 558 386 illis
589 342 734 386 vorbis
764 343 818 386 ad
847 343 1035 397 priorem
1063 343 1281 387 fidicinam
1307 344 1557 396 recurrisse,
1589 345 1728 385 tamen

220 412 302 455 hoe
331 414 483 466 poetae
514 411 756 455 accuratius
792 411 1062 456 indicandum
1091 411 1226 456 fuisse
1254 415 1373 467 puto,
1409 424 1538 466 quum
1569 424 1632 454 ex.
1665 422 1728 465 gr.

221 478 448 524 scriberet:

221 595 306 651 Ep.
327 595 461 638 Illaec
475 595 634 640 domist
642 608 721 651 pro
732 595 835 639 filia.
871 595 958 639 Str.
974 595 1127 640 Teneo.
1159 596 1246 652 Ep.
1265 594 1385 639 Nunc
1394 595 1639 639 adiutorem
1649 598 1735 640 etc.

219 723 346 764 quam
382 710 721 754 emendationem
758 710 1023 763 ,adiutorem‘
1063 709 1291 766 Spenyelio
1326 709 1473 753 debeo.
1534 710 1731 754 Ceterum

219 778 312 821 loco
343 804 387 809 -
419 779 533 834 quod
553 778 805 835 Haspemm
831 779 972 823 obiter
1002 779 1214 823 indicasse
1232 779 1356 823 video
1377 805 1432 809 ——
1452 779 1536 822 alia
1565 791 1732 835 quoque

219 847 387 891 ratione
415 847 576 891 mederi
606 860 848 903 possumus,
879 860 1009 902 quum
1037 848 1099 890 ita
1128 860 1277 891 versus
1307 848 1592 902 disponimus:

222 973 307 1029 Ep.
341 972 451 1016 Nam
490 973 588 1017 leno
628 985 751 1017 omne
796 978 1021 1028 argentum
1060 971 1242 1017 abstulit
1285 986 1364 1028 pro
1403 973 1599 1016 fidicina:
1653 985 1731 1027 ego

1047 1041 1217 1086 resolvi.

335 1111 400 1154 Ea
419 1111 502 1154 iam
523 1111 680 1154 domist
699 1123 777 1165 pro
797 1110 900 1153 filia.
936 1110 1024 1153 Str.
1057 1110 1209 1154 Teneo.
1242 1110 1328 1166 Ep.
1353 1110 1473 1154 Nunc
1488 1110 1731 1152 adiutorem

333 1180 394 1222 Ut
423 1181 578 1226 iterum
608 1180 784 1223 fallatur
813 1183 938 1233 pater
966 1178 1130 1233 tibique
1159 1179 1361 1222 adxilium
1393 1179 1638 1234 adparctur‚

333 1248 498 1301 Inveni3
529 1260 628 1291 nam
657 1249 720 1291 ita
748 1248 866 1291 suasi
894 1248 986 1290 seni
1016 1251 1144 1302 atque
1173 1247 1282 1290 hanc
1317 1246 1446 1290 habui
1480 1247 1730 1299 orationem,

335 1317 413 1372 [Ut
441 1316 657 1361 fidicinam
688 1317 815 1361 aliam
844 1315 1095 1371 praestinet„
1127 1328 1254 1372 quam
1282 1315 1460 1359 multum
1482 1315 1732 1372 deperires,]
1758 1336 1763 1339 ·

334 1386 406 1439 Ut,
438 1387 564 1440 quom
594 1386 796 1439 redisses,
826 1386 881 1428 ne
910 1384 990 1427 tibi
1021 1386 1113 1428 cius
1144 1385 1266 1439 copia
1294 1389 1410 1428 esset
1467 1385 1555 1427 Str.
1588 1385 1729 1439 Euge!

220 1454 306 1509 Ep.
341 1454 473 1497 Dedit
512 1454 570 1497 mi
610 1454 665 1497 ad
705 1454 814 1498 hanc
854 1467 945 1496 rem
976 1453 1232 1508 Apoecidem
1271 1478 1328 1484 ——
1367 1454 1404 1496 is
1441 1453 1554 1508 apud
1594 1453 1732 1497 forum

1047 1522 1191 1565 manet
1220 1535 1287 1565 me
1319 1547 1371 1553 —

334 1591 417 1643 Qui
448 1591 566 1635 recte
596 1595 758 1635 caveat.
823 1592 911 1634 Str.
945 1591 1070 1635 Haud
1099 1591 1223 1634 male.
1284 1591 1370 1646 Ep.
1411 1591 1495 1634 Sed
1524 1591 1608 1634 iam
1639 1591 1732 1645 ipse

977 1694 982 1699 ,
1045 1663 1197 1703 cautor
1227 1659 1410 1715 captust.

392 1788 481 1830 Das
511 1800 645 1841 ganze
677 1787 786 1830 Geld
813 1787 859 1841 ja
889 1787 1015 1829 nahm
1047 1786 1124 1829 der
1143 1786 1258 1829 Wirt
1287 1786 1358 1829 fiir
1386 1787 1456 1830 die
1481 1786 1730 1830 Harfnerin:

1044 1857 1115 1899 ich
1144 1855 1326 1900 bezahlt’
1357 1868 1415 1898 es.

335 1925 406 1968 Sie
435 1925 516 1978 gilt
544 1937 599 1967 zu
628 1925 749 1967 ilaus
778 1925 841 1967 als
862 1925 1048 1968 Tochter
1073 1927 1195 1980 jetzt.
1239 1925 1328 1967 Str.
1361 1924 1435 1967 Ich
1465 1923 1598 1966 weiss.
1642 1922 1727 1977 ΕΡ.

1043 1994 1162 2037 Jetzt
1190 1994 1306 2037 ward
1338 1993 1445 2036 noch
1473 1991 1678 2035 Beistand

333 2063 419 2106 Mir
447 2074 527 2117 gar
555 2075 607 2105 zu
638 2063 727 2117 teil,
758 2075 829 2105 um
859 2061 1072 2107 abermals
1102 2063 1184 2106 den
1217 2063 1349 2107 Vater
1377 2073 1431 2105 zu
1459 2061 1666 2115 betriigen

333 2132 396 2175 Zu
411 2131 579 2176 deinem
593 2131 710 2176 Hem
743 2131 800 2175 So
816 2132 997 2176 namlich
1014 2145 1102 2177 war
1117 2132 1229 2176 mein
1245 2132 1328 2175 Rat
1345 2130 1430 2174 und
1447 2129 1583 2173 meino
1593 2128 1728 2172 Rede:

333 2202 442 2244 Eine
479 2201 612 2244 andre
647 2201 892 2254 Harfnerin‚
930 2206 1053 2245 teuer
1090 2202 1170 2254 dir,
1208 2201 1289 2244 soll
1326 2213 1374 2243 er
1408 2200 1488 2242 mit
1517 2199 1626 2242 Geld
1663 2211 1730 2241 er-

1047 2271 1227 2323 werhen,

336 2340 484 2382 Damit
523 2339 586 2381 sie
626 2338 695 2382 dir
734 2339 842 2382 nach
884 2339 963 2383 der
1001 2339 1253 2383 Heimkunft
1291 2339 1410 2382 nicht
1446 2350 1524 2381 zur
1563 2337 1730 2380 Frende

1047 2408 1224 2452 diene..
1288 2407 1376 2450 Str.
1409 2407 1546 2451 Recht
1574 2407 1640 2450 so!

218 2477 304 2533 Ep.
339 2478 432 2520 Den
464 2477 703 2532 Apoecides
742 2490 828 2520 nun
868 2478 951 2531 gab
991 2491 1040 2521 er
1068 2478 1151 2520 mir
1188 2476 1271 2528 bei,
1312 2477 1390 2520 der
1428 2480 1580 2520 wartet
1617 2476 1730 2519 mein

1044 2559 1113 2589 am
1144 2546 1326 2598 Markte,

335 2618 430 2660 Den
460 2614 577 2658 Kauf
603 2627 657 2658 zu
687 2614 851 2659 liefern.
886 2615 973 2658 Str.
1008 2615 1148 2659 Schon
1178 2614 1343 2659 soweiti
1384 2613 1471 2669 Ep.
1505 2612 1624 2656 Doch
1653 2612 1730 2655 der

1044 2684 1103 2727 ist
1131 2682 1267 2728 selbst
1294 2682 1502 2738 geliefert.
