2052 3172
985 165 1037 204 75

258 299 423 335 servavit
453 300 490 344 (l.
513 311 542 336 S.
566 310 594 336 s.
619 311 654 345 p.
679 298 748 335 634
772 299 810 336 in
834 299 983 344 annot),
1007 298 1062 335 ita
1093 299 1249 345 quidem,
1273 301 1316 334 ut
1339 298 1376 334 in
1401 310 1434 334 v,
1457 299 1526 335 485
1556 308 1637 335 eum
1661 301 1765 345 sequi

259 354 431 393 dubitem.
460 356 684 403 Periphanes
703 356 808 402 enim,
834 367 1051 402 quamquam
1076 359 1186 392 antea
1199 355 1326 392 militis
1350 355 1448 391 dicto
1475 355 1641 401 confisus,
1667 358 1765 393 servi

258 412 321 449 fidi
346 414 392 458 (v.
416 414 485 450 410
509 415 600 460 sqq.)
625 414 858 451 reminiscens
884 425 1023 450 omnem
1048 414 1188 450 fraudis
1216 413 1478 460 cogitationem
1504 413 1634 450 abicit:
1666 415 1767 460 ,Und

258 471 346 507 doch
368 470 419 507 ist
441 471 542 508 diese
567 471 625 507 die
648 472 792 508 rechte:
817 472 913 508 hat's
934 472 975 518 ¹ia
1001 472 1098 508 mein
1122 472 1253 508 Sclave
1278 474 1423 518 gesagt‚
1455 472 1520 507 der
1542 471 1638 508 mich
1662 472 1764 508 nicht

257 528 410 575 betriigt
432 530 506 565 und
530 529 583 565 sie
606 530 750 565 kennen
773 531 894 566 muss.‘
1205 550 1207 553 .

353 641 413 688 43)
439 642 520 678 Hac
543 641 582 679 in
604 652 644 679 re
668 643 714 680 A.
739 643 961 691 Spenyeliam
984 642 1179 689 sequimur,
1211 642 1274 688 qui
1298 642 1435 689 primus
1459 653 1499 678 re
1523 643 1675 680 metrica
1699 644 1761 680 ad-

257 699 376 736 hibita
411 700 640 746 singularum
675 700 883 737 fabularum
919 704 1023 737 actus
1059 704 1244 737 statuere.
1262 700 1384 746 coepit
1406 700 1671 746 Epidicumqne
1708 701 1763 738 ita

257 756 447 803 disposuit,
471 759 515 793 ut
539 768 649 802 supra
672 757 910 794 indicavimus
935 758 983 803 (p.
997 757 1137 803 4sqq.),
1163 757 1247 793 vide
1272 757 1353 801 ,Die
1366 757 1675 804 Akteintheilung
1698 760 1763 795 der

256 812 459 849 Komodien
495 813 559 849 des
594 814 761 850 Plautus‘
793 826 828 859 p.
851 815 915 860 283
958 816 1151 860 praeterea
1187 814 1233 850 cf.
1266 815 1497 850 Schmitzium
1535 815 1601 858 ,De
1626 819 1698 851 act.
1723 816 1761 852 in

257 870 311 905 Pl.
336 870 410 906 fab.
435 870 561 906 descr.‘
586 881 622 916 p.
645 870 702 914 22,
734 872 923 907 Halmium
960 868 1241 915 ,Scen.'quaest.
1266 871 1334 907 PL‘
1371 882 1406 916 p.
1429 870 1487 916 21,
1526 871 1700 908 Jacobum
1723 872 1762 909 in

257 926 363 972 Epid.
389 927 476 963 edit.
503 926 606 973 1835,
632 927 695 972 qui
719 927 875 973 simplici
897 927 1040 963 ratione
1064 927 1159 964 idem
1184 928 1261 964 fere
1284 931 1512 965 monuerunt.

346 1051 404 1097 44)
431 1053 514 1099 ,Sed
536 1053 647 1100 longe
672 1053 924 1089 felicissimum
961 1057 1018 1090 est
1041 1054 1168 1090 Plauti
1191 1053 1377 1100 ingenium
1413 1053 1451 1090 in
1486 1054 1652 1100 partibus
1688 1066 1761 1091 ser-

255 1120 392 1155 vorum,
419 1120 537 1155 neque
561 1109 703 1156 ingenii
728 1110 932 1158 celeritate,
959 1110 1099 1147 consilii
1125 1111 1330 1147 calliditate
1354 1114 1394 1146 et
1404 1105 1608 1147 sermonum
1620 1112 1762 1147 festivi-

255 1169 335 1202 tate
360 1167 456 1212 quod
479 1167 675 1217 Epidicum
706 1167 920 1214 Chrysalum
950 1167 1239 1205 Palaestrionem
1268 1168 1487 1204 Pseudolum
1511 1168 1635 1205 vincat
1659 1170 1761 1215 quid—

256 1235 364 1268 quam
387 1224 483 1260 novi.
530 1226 648 1261 Unum
673 1226 840 1262 Terentii
859 1227 1002 1263 Davum
1027 1236 1142 1270 aeque
1166 1225 1295 1270 laud03
1322 1225 1436 1261 ceteri
1458 1235 1505 1261 ne
1531 1228 1762 1272 comparandi

256 1280 399 1325 quidem
423 1285 509 1318 sunt
533 1293 613 1319 cum
638 1282 735 1319 illis.‘

345 1406 404 1451 45)
429 1407 509 1444 Non
533 1408 666 1444 desunt
678 1418 775 1454 vero,
801 1408 864 1453 qui
888 1418 998 1453 quum
1023 1409 1185 1444 omnibus
1212 1408 1359 1444 fabulae
1383 1407 1547 1453 personis
1560 1408 1761 1454 promiscue

255 1466 333 1499 tum
345 1463 498 1508 Epidico
524 1475 646 1501 omnes
670 1465 748 1501 fere
773 1465 868 1501 sales
892 1466 1049 1501 urbanos
1075 1465 1378 1510 abiudicaverint,
1405 1465 1451 1501 cf.
1479 1464 1761 1502 C'.H.Weisium

255 1521 279 1556 l.
304 1532 332 1556 s·
356 1532 384 1556 s·
422 1522 468 1557 ad
493 1533 527 1558 v.
551 1522 700 1568 25—28,
724 1522 780 1565 77,
807 1522 874 1558 166
898 1534 987 1567 sqq.,
1023 1523 1092 1558 229
1116 1534 1205 1568 sqq.,
1242 1523 1321 1567 585,
1345 1522 1426 1567 700,
1450 1521 1529 1567 703,
1554 1522 1633 1558 711.
1680 1523 1761 1559 Non

256 1581 313 1613 est
337 1589 399 1614 cur
423 1590 499 1615 rem
524 1580 730 1616 accuratius
755 1584 965 1626 tractemus,
990 1580 1028 1616 in
1048 1591 1121 1625 qua
1146 1584 1246 1616 certa
1273 1579 1457 1616 iudicandi
1481 1582 1519 1616 et
1531 1579 1761 1616 adsentiendi

254 1636 382 1682 regula
425 1637 644 1674 iudiciumve
678 1648 796 1683 neque
833 1637 923 1673 insit
957 1648 1076 1682 neque
1121 1649 1281 1683 unquam
1315 1637 1478 1673 infuerit.
1538 1637 1581 1672 Id
1617 1636 1762 1682 quidem

262 1694 421 1730 Weisius
446 1704 574 1730 cavere
600 1695 767 1739 debebat,
805 1705 850 1730 ne
874 1695 1069 1730 manifesto
1095 1686 1304 1739 somniaret,
1330 1694 1425 1739 quod
1448 1705 1483 1729 ν.
1507 1693 1575 1729 703
1609 1713 1655 1719 -
1691 1705 1761 1739 quo

248 1752 333 1798 filia
357 1751 462 1797 gnati
487 1753 624 1788 amicae
647 1752 861 1797 opponitur:
899 1753 1002 1798 ,Hab’
1029 1752 1087 1788 ich
1111 1752 1167 1787 dir
1190 1752 1293 1787 nicht
1329 1752 1389 1787 fiir
1427 1751 1485 1786 die
1513 1752 1663 1787 Tochter
1698 1752 1763 1788 das

256 1808 349 1843 Geld
372 1808 564 1854 gegeben?
589 1809 663 1844 und
688 1809 736 1844 du
760 1809 889 1844 kaufst
913 1810 971 1844 die
987 1809 1143 1844 Geliebte
1167 1809 1230 1843 des
1255 1808 1421 1844 Sohues!‘
1447 1828 1492 1833 —
1518 1811 1557 1842 et
1580 1809 1762 1844 nonnullis

256 1865 339 1901 aliis
363 1865 506 1901 factum
537 1875 616 1901 esse
641 1865 798 1910 videtur,
831 1865 869 1901 in
900 1866 1029 1910 quibus
1062 1865 1274 1901 damnandis
1307 1865 1363 1901 vir
1395 1864 1457 1900 ille
1487 1865 1614 1900 doctus
1645 1875 1762 1910 neque

256 1922 347 1958 artis
383 1921 597 1957 histrioniae
630 1923 809 1958 rationem
840 1923 970 1958 habuit
999 1933 1117 1967 neque
1141 1926 1242 1958 recte
1277 1921 1488 1958 aestimavit
1516 1922 1762 1966 spectantium

256 1978 401 2025 iudicia,
427 1978 489 2024 qui
514 1982 612 2015 certe
636 1980 793 2016 nondum
818 1989 859 2016 eo
885 1980 1005 2016 cultus
1030 1983 1140 2025 atque
1164 1978 1404 2016 humanitatis
1436 1982 1541 2015 erant
1565 1979 1761 2026 progressi,

255 2041 299 2073 ut
322 2040 433 2082 poeta
457 2047 530 2072 non
566 2036 637 2072 nisi
666 2037 814 2072 urbanis
853 2037 1000 2073 facetiis
1025 2037 1239 2072 cachinnum
1273 2036 1399 2081 populi
1434 2039 1584 2081 captare
1620 2041 1761 2083 posset3

257 2093 363 2129 immo
387 2092 449 2129 vix
473 2093 620 2128 dubium
645 2096 713 2140 est,
739 2093 827 2138 quin
857 2094 1002 2139 saepius
1040 2094 1087 2129 ad
1124 2104 1240 2140 genus
1276 2092 1456 2128 mimicum
1493 2091 1618 2128 abiens
1655 2097 1760 2129 aceto

257 2150 388 2185 Italico
412 2153 622 2195 spectantes
646 2151 764 2197 magis
789 2151 1040 2196 delectaverit,
1079 2162 1186 2195 quam
1210 2150 1241 2186 si
1266 2161 1311 2185 ex
1334 2150 1430 2185 omni
1453 2159 1588 2195 genere
1611 2150 1757 2185 urbani-

257 2206 348 2243 tatis
372 2207 533 2252 leporem
558 2208 738 2252 quendam
761 2208 924 2244 libasset.
960 2209 1010 2244 Et
1032 2212 1179 2254 poetam
1203 2208 1321 2253 ipsum
1345 2208 1390 2242 de
1413 2206 1550 2242 talibus
1574 2206 1663 2242 iocis
1688 2218 1759 2243 non

257 2263 370 2300 altius
395 2264 579 2311 cogitasse
602 2265 717 2311 ipsius
740 2266 884 2312 Epidici
908 2278 942 2302 v.
966 2266 1012 2302 15
1035 2266 1245 2302 testimonio
1271 2269 1338 2309 est,
1376 2276 1446 2310 quo
1471 2264 1647 2310 Thesprio
1674 2275 1756 2300 con-

256 2322 353 2359 servi
376 2322 638 2368 procacitatem
664 2324 882 2369 exprobrans
920 2324 1096 2370 ,scurra's‘
1124 2323 1313 2368 exclamat,
1340 2333 1412 2367 qua
1436 2332 1524 2358 voce
1548 2331 1621 2357 non
1643 2321 1759 2367 ipsius

256 2378 401 2425 Epidici
424 2383 569 2416 tantum
594 2380 874 2426 explicationem
899 2380 1101 2417 festinandi
1112 2380 1298 2427 turgidam
1311 2380 1375 2415 sed
1390 2379 1545 2415 omnium
1557 2378 1759 2424 promiscue

258 2436 475 2473 comicorum
507 2447 691 2473 servorum
720 2438 958 2474 dicacitatem
992 2441 1201 2484 protervam
1236 2448 1299 2472 suo
1335 2436 1445 2472 verbo
1482 2436 1604 2471 notari
1638 2446 1759 2472 cense-

256 2504 346 2529 mus.
381 2513 427 2519 -—
464 2494 634 2531 Ceterum
677 2494 751 2531 iam
788 2496 885 2541 apud
921 2496 1112 2542 egregium
1146 2495 1249 2531 illum
1284 2497 1394 2539 atque
1430 2492 1760 2540 ingeniosissimum

255 2550 415 2587 nationis
439 2555 587 2588 nostrae
611 2552 788 2598 criticum,
818 2553 1046 2599 Lessinyium
1072 2553 1162 2597 dico,
1199 2552 1292 2587 hanc
1327 2551 1442 2596 ipsam
1466 2551 1513 2586 ad
1547 2561 1623 2586 rem
1646 2551 1759 2596 perti-

255 2608 478 2645 nent-iavnon
501 2620 621 2655 pauca
646 2612 803 2656 exstant,
834 2620 940 2656 quae,
970 2610 1003 2646 si
1026 2609 1128 2655 libet,
1161 2620 1224 2645 suo
1249 2609 1328 2644 loco
1355 2607 1525 2653 perlegas
1556 2607 1644 2652 (vid.
1668 2608 1761 2652 ,Von

256 2667 338 2703 dem
361 2666 486 2703 Leben
512 2667 587 2704 und
598 2666 754 2704 Wirken
778 2667 841 2704 des
855 2668 934 2713 Pl.‘‚
961 2667 1030 2714 ,die
1055 2667 1297 2714 Gesangenen
1321 2666 1384 2702 des
1397 2665 1476 2711 Pl.‘,
1500 2664 1564 2701 ubi
1588 2664 1625 2702 in
1650 2676 1761 2702 anno-

256 2724 457 2760 tationibus
479 2725 655 2760 nonnulla
679 2725 905 2769 exhibentur,
932 2726 1069 2771 ,Kritik
1083 2727 1171 2762 iiber
1183 2725 1241 2760 die
1255 2724 1495 2769 Gesangenen
1506 2723 1569 2759 des
1583 2723 1763 2768 Plautus‘,

256 2781 431 2827 imprimis
454 2793 490 2829 p.
503 2782 572 2819 119
584 2793 661 2829 sqq.
680 2777 742 2819 ‘ed.
765 2783 995 2820 Lachmanni
1017 2784 1088 2820 vol.
1112 2784 1195 2828 ΠΙ).
1242 2783 1360 2819 Unum
1389 2781 1604 2818 monendum
1626 2785 1763 2818 restat:
