2052 3172
988 119 1039 158 10

252 253 394 297 causis
423 253 503 296 has
531 252 702 297 fabulae
740 256 888 307 partes
925 253 1135 307 ,consulto
1177 253 1253 297 scd
1293 266 1377 297 non
1424 254 1531 298 satis
1560 265 1765 308 prospere

253 335 475 377 repressas
504 324 614 366 esse‘
643 322 816 365 iudicat.

372 390 489 442 Quas
519 391 563 434 in
594 391 832 434 sententias
872 390 910 433 si
949 390 1218 445 inquirimus,
1260 394 1362 433 ante
1391 391 1533 434 omnia
1571 403 1655 434 non
1684 394 1764 444 est,

255 472 332 503 cnr
372 459 677 515 Stratippoclis
706 459 1045 514 Periphanisqne
1083 458 1255 513 nuptias
1295 458 1613 503 confundamus.
1676 459 1765 503 lllis

253 528 366 572 enim
404 528 459 572 ab
490 528 705 583 Apoecide
735 527 1041 572 commendatis
1082 528 1138 583 (v.
1177 527 1274 582 189)
1313 528 1628 584 Periphanique
1667 541 1766 584 pro·

252 596 367 641 batis
395 600 526 652 poeta
554 597 599 641 id
628 609 760 641 unum
789 600 968 652 spectat,
1011 600 1061 640 ut
1089 596 1269 651 Epidico
1305 596 1497 640 senibus.
1518 597 1767 642 subauscul-

252 666 363 709 tanti
383 671 548 710 certum
568 665 1070 722 aliquidvfundamentum
1089 665 1231 717 iaciat,
1263 665 1330 709 cui
1350 665 1554 713 insistens
1572 665 1766 710 fraudem

252 745 442 788 pangere
471 735 633 789 possit3
674 734 737 777 ita
775 745 877 778 vero
917 745 1069 777 servus
1108 733 1326 777 inducitur
1364 732 1420 776 ad
1458 733 1573 788 patri
1613 733 1767 777 callide

251 802 530 857 suadendum,
570 807 621 846 nt
652 802 740 846 filio
777 815 951 846 uxorem
986 802 1204 846 arbitrans
1234 803 1413 846 amicam
1448 806 1767 857 praemercetur

253 869 324 926 (cf.
368 883 406 913 v.
441 874 523 914 267
564 870 688 926 sqq.).
754 870 815 915 Ut
853 871 987 925 igitur
1027 870 1329 926 Stratippoclis
1367 870 1612 926 nuptiarum
1652 883 1765 914 com-

253 940 562 984 memoratione
600 952 756 994 magna
794 953 890 984 cum
929 944 1024 983 arte
1065 940 1251 983 sermoni
1293 940 1457 983 intexta
1495 943 1625 995 poeta
1661 940 1766 984 nihil

252 1008 371 1052 alind
400 1009 587 1053 voluisse
615 1009 786 1053 videtur
824 1020 952 1064 quam
982 1013 1031 1050 ut
1066 1007 1360 1064 spectantibus
1399 1009 1514 1053 servi
1550 1009 1766 1064 ingenium

253 1076 527 1130 significaret,
571 1090 655 1131 quo
696 1078 917 1120 celerrime
956 1076 1025 1119 hic
1055 1078 1178 1130 quasi
1218 1090 1360 1126 coram
1401 1078 1592 1131 ipsorum
1631 1078 1766 1121 oculis

253 1143 418 1188 fraudis
447 1144 738 1189 instituendae
768 1145 978 1189 rationem
1008 1145 1191 1200 percipit
1226 1147 1283 1202 (v.
1320 1149 1399 1195 192
1430 1145 1555 1201 sqq.)‚
1592 1145 1653 1189 ita
1682 1157 1766 1189 non

253 1215 555 1268 intellegimus,
602 1227 678 1257 cur
717 1215 891 1269 nuptias
935 1218 1087 1268 postea
1129 1219 1247 1258 ratas
1292 1215 1594 1258 desideremus.
1655 1215 1766 1266 Quid

255 1283 395 1327 enim?
453 1281 618 1327 Probat
646 1287 770 1338 pater
799 1283 1026 1338 Apoecidis
1056 1283 1290 1338 consilium,
1322 1283 1422 1327 dum
1451 1283 1765 1327 adulescentem

253 1351 449 1394 fidicinae
485 1350 712 1394 obnoxium
743 1356 908 1395 censet:
945 1356 1097 1405 postea
1125 1356 1268 1395 autem
1305 1365 1434 1406 quum
1469 1352 1643 1395 inventa
1679 1350 1767 1393 filia

253 1418 423 1474 filioque
452 1423 625 1474 recepto
654 1432 798 1463 rerum
834 1420 1028 1464 ordinem
1064 1421 1284 1475 perspexit
1321 1420 1530 1476 simulque
1569 1419 1765 1462 ardorem

252 1488 372 1530 illum
401 1487 456 1530 ab
487 1489 802 1542 Acropolistide
832 1489 1050 1532 incensum
1083 1489 1329 1532 iamdudum
1357 1488 1575 1531 refrixisse
1604 1488 1768 1530 audivit

255 1581 307 1588 —-
346 1555 391 1600 id
437 1556 550 1610 quod
600 1568 679 1611 per
727 1569 773 1601 se
819 1557 1001 1600 maxime
1043 1555 1265 1612 probabile
1316 1557 1525 1610 videatur,
1577 1581 1632 1587 —
1681 1556 1766 1600 iam

253 1624 413 1668 nullam
450 1624 581 1668 habet
616 1637 789 1669 causam
818 1625 933 1668 illius
969 1626 1134 1668 consilii
1164 1638 1293 1679 porro
1330 1625 1523 1679 urgendi,
1554 1625 1644 1668 sive
1673 1624 1767 1667 fidi-

252 1692 391 1737 cinam
420 1693 464 1736 in
494 1691 673 1737 aedibus
702 1705 876 1737 manere
906 1693 996 1738 sive
1025 1694 1153 1738 militi
1182 1694 1378 1749 digresso
1407 1694 1463 1750 (v.
1480 1693 1583 1748 492)
1614 1693 1766 1736 adduci

252 1762 400 1805 mavis.
460 1762 611 1805 Altera
639 1762 716 1805 illa
742 1762 992 1817 Lanyrehri
1021 1763 1073 1805 de
1104 1763 1394 1806 adulescentis
1423 1763 1589 1806 incuria
1626 1762 1766 1804 haesi·

256 1830 365 1873 tatio
411 1829 610 1873 versibus
654 1830 763 1884 ipsis
794 1834 993 1874 362-63
1040 1830 1266 1874 manifesto
1309 1831 1545 1885 repellitur,
1590 1830 1764 1884 quippe-

254 1897 413 1952 quibus
452 1899 526 1941 ille
571 1898 793 1942 confirmet
842 1899 1051 1942 eiusmodi
1092 1899 1268 1942 consilio
1314 1912 1361 1942 se
1405 1911 1620 1953 nunquam
1669 1910 1765 1941 sese

255 1965 582 2019 submissurum,
614 1967 715 2010 dum
735 1967 871 2010 amica
900 1979 1044 2010 secum
1063 1967 1249 2010 adducta
1268 1968 1381 2011 inter
1399 1968 1520 2011 vivos
1550 1970 1764 2019 versetur;

253 2035 358 2090 quid
386 2036 521 2090 igitur
549 2036 689 2090 patris
718 2036 928 2079 rationem
967 2040 1043 2079 aut
1073 2036 1313 2081 destinatae
1341 2037 1486 2081 uxoris
1515 2049 1667 2080 nomen
1696 2048 1765 2078 ro-

254 2105 389 2160 gitet?
436 2129 489 2136 -
534 2105 600 2148 De
644 2104 943 2160 Stratippoclis
983 2105 1144 2160 nuptiis
1185 2105 1289 2149 haec
1327 2106 1551 2158 hactenus3
1596 2105 1682 2148 iam
1712 2103 1765 2147 de

253 2168 494 2228 Periphane
523 2175 724 2217 nonnulla
760 2178 860 2217 sunt
895 2174 1085 2218 dicenda.
1146 2176 1275 2218 Initio
1312 2179 1394 2219 act.
1425 2175 1469 2217 11
1502 2174 1764 2229 Periphanes

253 2243 579 2298 Apoecidesque
610 2255 734 2286 senes
765 2243 1098 2288 sermocinantes
1127 2244 1350 2298 prodeunt,
1388 2255 1516 2298 quum
1546 2243 1616 2286 hic
1645 2242 1764 2285 illum

253 2312 464 2364 admonet,
509 2325 567 2355 ne
605 2313 921 2355 matrimonium
952 2325 1045 2356 cum
1087 2313 1233 2366 priore
1273 2313 1421 2366 amica,
1477 2316 1615 2355 matre
1652 2311 1765 2353 filiae

253 2380 368 2424 domi
388 2381 614 2434 versantis,
646 2380 729 2435 ipsi
757 2384 953 2435 optatum
982 2381 1145 2436 pudore
1173 2384 1367 2435 respuat:
1397 2379 1500 2435 quid
1529 2391 1623 2423 esse
1652 2378 1765 2433 quod

252 2449 497 2504 pudendum
528 2450 587 2492 sit
621 2462 778 2503 genere
813 2454 957 2494 natam
993 2451 1104 2493 bono
1139 2461 1368 2503 pauperem
1403 2449 1574 2492 domum
1609 2447 1766 2490 ducere

252 2520 455 2564 uxorem?
505 2519 735 2572 ,Revereor
755 2518 914 2573 filium‘‚
946 2520 1008 2563 ait
1038 2518 1121 2571 ille,
1151 2530 1235 2573 quo
1269 2530 1475 2574 responso
1494 2520 1622 2572 poeta
1651 2529 1765 2562 sum·

252 2601 323 2631 ma
350 2600 444 2631 cum
480 2592 576 2631 arte
606 2588 811 2641 Apoecidi
846 2601 994 2632 ansam
1031 2588 1198 2632 consilii
1235 2588 1310 2630 dat
1345 2587 1490 2629 uxoris
1525 2586 1613 2629 filio
1650 2588 1765 2630 arbi-

252 2656 432 2701 trandae
462 2658 519 2712 (v.
542 2656 640 2711 190)
671 2657 882 2712 simulque
902 2658 1015 2702 servi
1034 2656 1319 2702 auscultantis
1338 2655 1531 2700 fraudem
1551 2655 1596 2699 in
1616 2655 1763 2700 eadem

251 2737 300 2770 re
335 2725 477 2770 nixam
513 2730 756 2782 praeparat.
816 2726 873 2768 Et
911 2727 947 2769 si
985 2726 1194 2770 librorum
1229 2727 1437 2771 maculam
1473 2730 1574 2780 post
1608 2740 1646 2770 v.
1684 2731 1761 2771 189
