2052 3172
1009 119 1061 158 23

339 253 439 296 Sine
468 253 637 306 perdat:
668 253 753 296 alia
781 252 1068 306 adportabunt
1098 253 1138 296 ei
1167 252 1297 297 Nerei
1326 252 1454 296 filiae.

319 321 388 364 *Id
419 321 543 364 modo
574 321 856 375 videndumst,
887 321 936 363 1'1t
963 322 1164 364 materies
1193 322 1394 377 suppetat
1423 321 1623 365 scutariis
1654 325 1733 365 etc.

196 417 199 418 ν
283 394 327 433 et
364 390 538 432 Goetzio
567 391 774 433 maculam
803 394 919 433 recte
950 390 1164 433 divinatus
1201 404 1295 434 esse
1323 390 1552 434 videbatur
1583 390 1790 434 scribenti

283 460 408 513 (anal.
431 459 567 502 Plaut.
606 463 711 502 1877
738 472 777 513 p.
805 459 921 513 113):
955 459 1218 511 ‚Rectissime
1246 463 1391 503 monet
1418 460 1716 502 Reinhardtus
1746 461 1790 502 in

282 527 345 570 Fl.
377 540 471 570 nov.
510 539 604 569 ann.
634 560 643 569 .
662 560 671 570 .
691 560 699 569 .
719 561 728 571 .
759 527 990 569 abhorrere
1026 539 1063 569 v.
1088 530 1140 568 35
1174 539 1264 581 sqq.
1303 541 1328 570 a
1358 528 1499 570 colore
1536 540 1682 570 eorum
1716 528 1788 581 qui

281 596 566 649 praecedant,‘
598 595 711 650 quod
740 599 890 650 postea
922 595 1131 651 Seyfferto
1161 608 1329 652 quoque
1358 595 1491 650 praef.
1523 596 1646 639 Curc.
1667 596 1789 639 XVII

282 667 326 706 ct
356 663 553 719 Has-pero
594 664 621 705 l.
655 677 686 706 s.
720 676 751 706 s.
793 677 832 717 p.
862 668 910 706 10
946 665 1008 706 ita
1043 664 1202 717 arrisit,
1241 668 1288 707 ut
1325 676 1474 707 versus
1511 665 1609 707 illos
1645 665 1788 707 delere

282 744 407 786 quam
435 737 713 786 transponere
741 733 903 775 malint.
965 732 1048 775 Sed
1079 745 1131 775 ne
1161 737 1326 776 remota
1346 732 1516 789 quidem
1544 733 1619 776 illa
1647 736 1788 776 trans-

280 800 493 853 positione
535 800 764 843 haesitatio
808 801 1036 855 quidquam
1078 801 1203 843 valet.
1264 801 1374 843 Nam
1414 805 1464 843 ut
1504 813 1652 843 eorum
1692 813 1787 844 sen-

281 868 460 911 tentiam
499 868 675 921 refutes,
716 870 787 925 qui
826 883 917 911 non
952 869 1047 911 sine
1076 883 1155 911 suo
1184 869 1281 911 iure
1324 869 1368 912 in
1399 882 1448 912 eo
1489 869 1594 912 nihil
1633 870 1787 912 mirum

281 937 496 980 offendere
528 938 861 992 sibi-videntur,
887 938 923 980 si
960 942 1087 991 poeta
1116 938 1397 980 Nereidarum
1432 939 1646 981 mentione
1675 937 1788 980 facta

280 1006 418 1048 iocum
447 1006 567 1049 illum
597 1019 648 1049 ex
684 1006 838 1049 fabulis
873 1007 1055 1060 petitum
1089 1007 1267 1049 missum
1296 1005 1426 1049 faciat
1461 1011 1505 1049 et
1546 1006 1787 1063 insequenti

280 1086 406 1116 versu
436 1074 526 1129 (37)
556 1076 730 1129 propius
768 1076 822 1118 ad
851 1076 964 1118 vitae
994 1075 1219 1118 veritatem
1248 1075 1440 1118 accedat:
1487 1075 1532 1117 id
1562 1075 1713 1118 saltem
1742 1079 1786 1119 in

280 1144 505 1196 propatulo
537 1147 614 1195 est,
648 1170 698 1175 -—
732 1145 821 1187 sive
849 1145 980 1186 armis
1011 1144 1110 1196 illis,
1142 1157 1250 1199 quae
1280 1144 1365 1186 iam
1394 1143 1449 1186 ad
1470 1143 1617 1186 hostes
1646 1148 1786 1186 trans-

281 1210 497 1264 fugerunt,
536 1216 704 1265 poetam
749 1212 802 1254 ad
836 1212 1015 1255 Vulcani
1052 1212 1238 1267 tripodes
1281 1211 1479 1255 allusisse
1519 1212 1785 1255 concedimus

280 1280 410 1334 (quod
440 1280 654 1333 Murem&
692 1281 1001 1335 Kiesslinyius,
1046 1281 1251 1323 Goetzius
1288 1280 1656 1334 observaverunt),
1695 1281 1785 1324 sive

274 1349 430 1404 priora
468 1348 654 1391 Achillis
698 1363 824 1392 arma
868 1350 1104 1405 comparari
1146 1349 1366 1402 malumus,
1405 1373 1457 1379 —-
1490 1361 1542 1392 ex
1585 1349 1786 1392 universa

279 1419 453 1461 Homeri
483 1419 662 1472 ratione,
694 1419 748 1461 ad
779 1432 905 1475 quam
922 1420 1060 1462 locum
1088 1423 1280 1472 spectare
1300 1419 1437 1461 adhuc
1455 1432 1578 1461 nemo
1598 1420 1784 1473 negavit,

278 1487 500 1530 Thetidem
529 1488 688 1530 alteras
718 1491 957 1531 armaturas
977 1488 1204 1531 Nereidum
1235 1500 1365 1541 opera
1395 1487 1658 1530 adulescenti
1687 1488 1785 1530 mit-

279 1557 432 1599 tendas
462 1557 516 1599 ab
538 1557 685 1599 eodem
706 1558 909 1610 singulari
939 1555 1115 1600 deorum
1145 1557 1293 1611 opifice
1313 1557 1544 1610 petituram
1574 1569 1681 1610 esse,
1712 1558 1786 1612 qui

279 1628 323 1668 et
359 1626 504 1679 priora
549 1624 617 1680 (cf.
650 1625 698 1668 Il.
730 1625 884 1668 XVIII.
918 1629 1020 1669 466:
1073 1624 1144 1670 οἷά
1182 1642 1239 1675 τις
1276 1622 1372 1668 αὖτε
1407 1623 1697 1682 θαυμάσσεται)
1740 1628 1785 1666 et

283 1707 392 1736 nova
421 1694 597 1736 Achillis
628 1707 746 1736 arma
764 1694 955 1737 Thetidis
974 1695 1171 1748 precibus
1201 1693 1430 1736 obsecutus
1450 1693 1682 1736 fabricatus
1703 1697 1782 1741 est,

279 1762 362 1804 vid.
393 1762 442 1804 Il.
474 1763 500 1804 l.
524 1775 555 1804 s.
580 1775 612 1805 s.
645 1775 682 1804 v.
715 1763 871 1817 46825)
932 1763 977 1805 Si
1005 1767 1228 1816 praeterea
1259 1762 1487 1815 Cyclopum
1526 1765 1575 1803 ut
1604 1760 1783 1803 Vulcani

279 1831 525 1874 adiutorum'
551 1832 824 1874 recordamur
855 1844 1107 1887 quamquam
1135 1844 1219 1875 non
1249 1829 1303 1873 ab
1324 1831 1522 1883 Homero,
1554 1834 1697 1872 tamen
1727 1828 1781 1872 ab

270 1899 469 1942 ‘Hesiodo
510 1904 942 1953 commemoratorum,
995 1901 1079 1943 iam
1119 1912 1204 1942 non
1244 1898 1436 1942 videmus
1478 1910 1660 1950 causam,
1707 1910 1783 1941 eur

277 1969 486 2012 scutarios
516 1969 624 2021 illos,
656 1970 808 2025 quibus
831 1973 877 2012 ut
897 1970 1096 2012 materies
1117 1972 1316 2023 suppetat
1335 1967 1677 2022 prospiciendum
1700 1971 1779 2019 est,

277 2038 478 2080 mortales
508 2050 633 2093 quam
663 2038 782 2080 divos
811 2051 905 2080 esse
935 2039 1141 2093 malimus,
1174 2037 1383 2092 siquidem
1414 2037 1508 2089 ipsa
1536 2036 1782 2078 Mulciberis

278 2106 492 2149 mentione
522 2110 609 2149 tam
640 2119 771 2161 prope
808 2105 920 2150 facta
956 2105 1175 2150 evidenter
1209 2117 1429 2148 monemur
1466 2116 1681 2147 armorum
1719 2102 1781 2146 fa-

278 2176 525 2228 bricatores,
571 2175 778 2230 equibus
817 2188 893 2228 per
940 2175 1229 2229 synecdochen
1275 2175 1449 2217 scutarii
1496 2174 1781 2225 nominantur,

278 2242 462 2287 fortasse
491 2256 575 2287 non
605 2243 696 2287 sine
725 2243 932 2287 allusione
962 2243 1015 2287 ad
1049 2243 1279 2288 Vulcanum
1310 2242 1621 2286 inclitissimum
1652 2253 1783 2299 quum

279 2325 493 2354 armorum
531 2313 772 2365 promiscue
812 2318 903 2354 tum
944 2313 1053 2354 scuti
1093 2314 1269 2355 Achillis
1315 2312 1506 2366 opificem
1545 2311 1782 2363 referenda,

278 2380 405 2422 deum
434 2379 584 2435 ipsum
613 2394 713 2422 cam
749 2379 1005 2436 chlopibus
1034 2394 1122 2423 esse
1151 2380 1439 2434 habendos.·2⁶)
1485 2380 1530 2423 Si
1560 2381 1621 2423 ita
1650 2380 1783 2422 ratio-

279 2450 480 2501 cinamur,
511 2450 694 2502 paulum,
734 2450 770 2492 si
807 2450 908 2504 quid
944 2450 1146 2502 videmus,
1183 2451 1363 2493 interest
1402 2454 1546 2493 utrum
1582 2462 1783 2492 versuum

278 2518 382 2562 ordo
413 2518 660 2562 immutetur
688 2531 831 2570 necne,
868 2530 1006 2575 neque
1042 2523 1120 2572 est,
1159 2532 1234 2562 cur
1272 2518 1528 2574 Ussinyium
1564 2519 1782 2573 miremur,

278 2588 350 2642 qui
380 2600 515 2642 nuper
553 2588 596 2630 in
627 2587 691 2630 ed.
723 2587 846 2641 Epid.
887 2588 1077 2631 codicum
1113 2588 1304 2631 ordinem
1341 2591 1509 2630 tutatus
1549 2591 1626 2630 est.
1689 2588 1782 2631 Non

277 2656 411 2711 igitur
448 2656 614 2700 delendi
645 2669 739 2700 cum
769 2657 979 2713 Haspero,
1025 2670 1118 2701 cum
1155 2657 1329 2699 Goetzio
1369 2657 1674 2712 transponendi
1703 2671 1780 2700 ne-

277 2726 452 2768 cessitas
481 2726 524 2768 in
562 2725 801 2770 confessum
829 2727 958 2779 venit,
1000 2739 1252 2783 quamquam
1288 2727 1490 2769 nonnulla
1526 2726 1652 2770 huius
1689 2739 1784 2770 sen-
