2052 3172
1002 74 1057 114 40

277 207 412 259 sedet,
444 219 573 261 quum
601 206 723 261 prius
753 206 914 251 dictum
942 211 1160 262 tamquam
1180 208 1398 261 corrigens
1417 211 1546 262 atque
1565 208 1783 251 cumulans

277 274 332 318 ad
363 273 556 318 fraudem
592 274 900 328 explanandam
936 276 1116 319 transit:
1158 275 1301 328 ,Nicht
1335 275 1438 319 halt'
1475 276 1542 319 ich
1571 275 1787 319 mich-*auf

276 343 345 386 bei
374 355 428 385 sor
443 342 571 395 alten,
602 342 917 397 gewohnlichen
937 344 1096 398 Reden‚
1127 344 1204 387 wie
1224 343 1626 388 Beutelaelmeiden:
1655 343 1782 386 werd'

276 410 345 454 ich
384 410 432 464 ja
475 410 583 455 doch
623 411 735 465 jetzt
774 411 1076 456 kuhhautweis
1119 411 1418 468 betrugenfw)
1477 412 1572 456 Non
1615 410 1785 456 dubitat

277 479 443 523 scilicet
480 480 672 533 Plautus,
714 481 818 534 quin
854 486 1101 536 spectantes
1141 482 1394 536 intellegant
1430 494 1583 525 nomen
1621 482 1727 525 illud
1758 494 1784 524 a

270 561 382 603 pera
411 547 571 592 factum
600 560 695 592 esse
727 553 772 592 et
801 553 1018 594 auctorem
1036 551 1080 593 in
1101 549 1300 605 ambiguo
1321 563 1473 594 vocum
1486 550 1784 605 parenticidae

275 620 321 659 et
342 616 636 672 parenticidae
664 617 820 661 lusisse
849 618 1044 674 (Salmas.
1077 619 1189 674 apud
1220 619 1442 673 Gronov.);
1475 621 1661 662 ceterum
1691 618 1784 672 ipse

276 685 415 728 altera
443 697 545 728 voce
576 685 772 739 ‚peratim
801 686 993 730 ductare‘
1031 688 1157 740 cavit,
1196 700 1249 730 ne
1279 700 1350 731 res
1379 687 1576 741 cuiquam
1603 684 1784 729 obscura

277 756 459 796 maneat.
492 777 545 783 —
577 754 642 795 Ex
668 753 821 796 Goetxi
848 755 1095 798 recensione
1125 756 1265 798 locum
1294 755 1583 799 recensuimus
1613 754 1783 797 demon-

276 821 457 865 straturi
484 820 745 865 sentehtiam
773 836 866 865 non
894 823 1034 876 hiare3
1067 836 1167 868 num
1196 837 1296 867 vero
1326 825 1444 867 locus
1468 824 1552 866 iam
1581 835 1783 878 persana-

277 894 349 934 tus
389 890 460 943 sit,
502 890 640 933 adhuc
679 890 760 934 sub
800 892 940 936 iudice
976 894 1030 936 lis
1067 898 1146 936 est.
1208 894 1470 948 Quamquam
1509 893 1620 935 enim
1659 892 1784 945 longe

277 959 463 1014 plurima
491 972 651 1012 eorum,
683 973 791 1014 quae
821 961 1106 1005 literatissimi
1134 964 1217 1005 viri
1235 963 1410 1005 lacunas
1439 965 1658 1016 ponentes,
1688 973 1784 1014 per-

277 1040 479 1072 sonarum
509 1031 634 1071 notas
655 1028 932 1084 invertenteS‚
964 1030 1169 1074 vocabula
1187 1031 1348 1073 tradita
1368 1030 1558 1073 delentes
1578 1029 1785 1083 propriis-

277 1109 359 1150 que
388 1097 572 1139 inventis
591 1098 824 1140 versiculos
855 1099 1073 1152 explentes
1103 1099 1172 1141 hic
1202 1099 1289 1141 illic
1319 1101 1605 1149 tentaverunt,
1636 1108 1784 1150 super-

277 1177 467 1213 vacanea
501 1169 602 1208 sunt
640 1165 695 1209 ad
732 1171 1030 1220 argumentum
1070 1166 1239 1210 fabulae
1281 1166 1602 1222 explanandum,
1644 1168 1785 1208 tamen

277 1235 530 1277 medicinam
567 1235 711 1277 versui
748 1238 830 1278 349
863 1236 1050 1279 nondum
1084 1237 1300 1279 inventam
1329 1248 1425 1278 esse
1454 1234 1651 1290 Haspero
1687 1245 1785 1276 con-

278 1303 514 1347 cedendum
543 1303 602 1346 sit
621 1302 844 1346 scribenti:
877 1304 1238 1358 ,Camerarianum
1260 1304 1532 1360 perenticida
1559 1303 1670 1346 male
1698 1301 1784 1344 for-

277 1375 440 1415 matum
478 1372 594 1415 nullo
634 1376 760 1426 pacto
797 1386 944 1416 verum
983 1385 1078 1416 esse
1116 1375 1288 1428 potest.‘
1347 1373 1442 1416 Non
1472 1372 1530 1415 sit
1568 1370 1785 1414 difficilius
1819 1377 1821 1379 ·

277 1441 398 1484 novis
427 1440 606 1483 medelis
635 1441 727 1483 loco
758 1441 997 1494 subvenire,
1028 1443 1175 1495 quales
1203 1442 1382 1495 exempli
1412 1441 1552 1494 gratia
1569 1458 1572 1462 ’
1580 1438 1786 1493 praebeat

276 1510 384 1552 haec
413 1508 672 1551 emendatio:

279 1578 370 1621 Str.
418 1577 529 1621 Nam
558 1578 660 1632 quId
690 1578 778 1621 ita?
838 1578 968 1633 Epid.
1015 1578 1124 1629 Quia
1153 1592 1253 1633 erya
1290 1578 1406 1621 tuom
1436 1581 1605 1631 patrem
1634 1575 1786 1619 faciam

1376 1659 1444 1689 me
1467 1645 1717 1701 pericidam.

281 1716 370 1759 Str.
404 1716 500 1759 Wie
530 1717 604 1759 so‘?
635 1715 769 1771 Epid.
802 1716 912 1759 Weil
933 1716 1001 1758 ich
1020 1716 1131 1759 mich
1153 1729 1221 1758 am
1234 1716 1370 1759 Vater
1390 1715 1488 1758 dein
1507 1727 1602 1757 zum
1617 1713 1786 1757 Beutel-

1379 1784 1602 1827 schneider
1626 1782 1785 1825 mache.

392 1852 478 1897 Sed
507 1865 578 1895 res
613 1853 693 1895 hoc
721 1853 846 1896 modo
876 1865 961 1895 non
992 1854 1150 1895 certior
1179 1852 1242 1894 fit,
1281 1853 1418 1903 Quid?
1463 1852 1612 1895 Nonne
1641 1851 1710 1894 hic
1739 1853 1788 1892 ut

278 1933 411 1974 supra
439 1933 478 1963 v.
503 1924 585 1963 233
617 1919 671 1963 ab
707 1921 830 1963 initio
855 1934 1046 1976 prorsus,
1077 1921 1170 1962 alia
1198 1920 1408 1962 voeabula
1437 1924 1608 1963 exstare
1636 1922 1786 1972 potue-

277 1992 391 2041 runt,
433 1988 577 2042 qualia
605 1989 784 2032 Plautus
811 2002 835 2032 e
868 1990 980 2043 vulgi
1022 2001 1218 2032 sermone
1257 1989 1469 2031 cotidiano
1510 1985 1788 2042 depromebat

277 2061 353 2101 aut
383 2057 475 2101 sine
505 2057 715 2112 analogia>
732 2062 932 2113 certaque
952 2059 1117 2102 ratione
1145 2057 1345 2112 fingebat,
1378 2057 1603 2101 dummodo
1634 2056 1786 2110 vulgus

278 2127 522 2181 ambiguum
551 2127 658 2170 illud
687 2127 939 2182 intellegere
968 2131 1127 2181 posset,
1158 2127 1202 2170 in
1223 2139 1306 2181 quo
1330 2130 1463 2180 poeta
1492 2126 1685 2168 luderet?
1715 2123 1784 2180 (cf.

281 2195 473 2237 Salmas.
517 2208 583 2249 ap.
634 2195 791 2251 Gron.)
852 2195 968 2246 Quae
1004 2194 1211 2239 vocabula
1245 2198 1473 2249 postquam
1512 2193 1787 2236 librariorum

277 2264 444 2306 incuria
473 2263 708 2318 depravata
738 2267 913 2307 511111-
936 2264 990 2307 de
1018 2264 1322 2307 retractatione
1352 2263 1546 2306 consulto
1576 2261 1691 2305 facta
1719 2262 1787 2304 hic

276 2333 372 2376 ideo
402 2345 487 2375 non
517 2336 586 2375 est
615 2332 899 2386 cogitandum,
930 2333 1044 2386 quod
1072 2345 1156 2375 non
1176 2332 1260 2374 nisi
1289 2344 1407 2374 mera
1435 2331 1649 2374 dementia
1677 2331 1786 2373 tales

278 2401 464 2454 ineptias
505 2401 646 2454 eloqui
681 2402 832 2454 possit,
876 2401 1024 2454 quales
1059 2412 1160 2443 mss.
1192 2400 1393 2443 exhibent
1433 2398 1786 2454 (parenticidam,

270 2472 498 2525 paratum,
522 2472 744 2525 peratum,
774 2468 972 2525 follitum
999 2468 1101 2524 Gz.)
1119 2493 1171 2499 —
1194 2481 1278 2512 non
1307 2468 1460 2511 mirum
1491 2468 1529 2511 si
1549 2466 1786 2510 emendatio

277 2539 486 2582 eiusmodi
525 2539 729 2590 locorum,
774 2537 1030 2592 praesertim
1070 2537 1107 2579 si
1148 2537 1284 2579 altera
1322 2537 1586 2588 recensione,
1632 2539 1680 2578 ut
1720 2536 1787 2578 hic

278 2607 574 2661 Ambrosiana,
606 2620 812 2660 caremus,
844 2608 888 2649 in
918 2619 1041 2649 omne
1070 2619 1222 2649 aevum
1250 2607 1475 2649 admodum
1506 2606 1671 2647 incerta
1698 2617 1786 2647 ma—

278 2681 412 2729 neat3·
440 2677 506 2720 sin
545 2680 689 2720 autem
726 2688 774 2720 re
814 2688 915 2719 vera
954 2675 1038 2718 iam
1079 2675 1309 2731 contigerit
1347 2678 1423 2718 aut
1461 2677 1613 2729 postea
1651 2673 1786 2717 cuivis
