2052 3172
949 177 1069 216 63·

224 312 279 349 de·
300 309 465 356 Epidico,
491 309 686 356 Apoecide,
711 309 859 347 fidicina
894 310 981 346 solis
1018 310 1089 346 erit
1122 310 1324 346 dicendum.
1346 330 1391 335 —
1420 310 1543 355 Atque
1577 309 1732 356 primum

222 367 369 413 quidem
392 366 424 402 si
437 367 669 414 Apoecidem,
694 367 896 413 Epidicum,
922 367 1105 403 fidicinam
1128 379 1202 403 una
1225 367 1272 403 ad
1295 367 1461 403 lenonem
1486 367 1540 402 ire
1565 368 1730 413 ponimus

223 425 283 468 (cf.
308 434 343 460 v.
364 423 435 459 410
452 425 558 469 sqq),
582 435 687 460 nemo
713 425 794 470 erit,
820 425 884 470 qui
906 425 986 461 fieri
1010 436 1115 470 posse
1148 425 1355 470 contendat,
1385 428 1429 460 ut
1452 425 1555 460 dolus
1579 425 1635 461 ita
1659 436 1730 461 uon

222 482 430 527 detegatur.
477 481 570 517 Nam
597 481 677 526 quis
701 481 771 517 sibi
794 482 1016 527 persuadeat
1028 482 1249 527 Apoecidem
1274 492 1393 517 coram
1417 482 1546 517 lenone
1569 483 1730 527 puellam

221 539 329 575 simul
354 538 548 574 adductam
572 539 672 574 nullo
702 538 812 574 verbo
845 542 1214 582 commemoraturum,
1245 538 1309 573 sed
1339 542 1416 573 tam
1439 538 1644 584 generatim
1672 550 1728 574 ro-

220 600 404 642 gaturum,
428 598 471 630 ut
483 595 546 631 ille
561 595 727 631 fraudem
745 606 818 631 non
836 595 998 631 sentiens
1023 596 1084 640 (cf.
1097 607 1132 640 p.
1148 595 1206 639 12)
1235 596 1279 630 de
1297 595 1419 640 priore
1437 596 1562 641 puella
1587 596 1729 642 cogitet

221 657 260 688 et
282 653 528 698 respondeat?
580 652 682 697 Quae
715 652 858 689 etiamsi
887 653 1030 698 fierent,
1059 664 1132 688 non
1156 653 1402 688 dubitaremus
1432 653 1552 689 dicere
1582 658 1728 699 poetam

219 712 401 746 vaniorem
427 710 548 745 dolum
576 730 623 735 —
647 710 741 756 ,eine
773 710 1034 756 allzuwindige
1067 710 1249 755 Intrigue‘
1282 710 1337 745 ait
1367 711 1536 746 Goetzius
1570 711 1609 746 in
1642 712 1726 747 Act.

221 778 293 802 soc.
317 767 416 812 Lips.
442 778 478 811 p.
501 766 570 802 285
594 786 640 791 -—
664 766 858 802 instituere
889 778 961 803 non
984 767 1159 812 potuisse.
1182 787 1228 791 -
1252 766 1395 802 Deinde
1425 767 1543 802 animo
1569 778 1726 812 compre-

220 824 417 859 hendamus
442 823 635 868 Epidicum
661 823 779 868 ipsum
804 835 883 859 cum
907 824 1036 859 lenone
1061 827 1235 870 agentem
1258 823 1400 859 induci:
1432 836 1540 868 quam
1565 825 1728 870 ineptum

219 881 385 926 profecto
409 881 477 916 hoc
501 884 599 916 esset
623 884 736 925 atque
760 881 882 925 inane,
918 882 949 916 si
973 885 1182 926 spectantes
1207 892 1262 925 ea,
1296 892 1390 925 quae
1418 882 1497 917 fore
1521 882 1727 918 iamdudum

219 939 264 974 ab
290 934 353 974 illo
371 941 626 983 compererunt
651 939 697 982 (v.
710 938 790 984 312,
803 938 872 974 363
888 938 992 983 sqq.),
1017 939 1127 984 paulo
1145 943 1228 984 post
1247 942 1435 983 tamquam
1452 938 1589 975 iterata
1601 939 1726 976 videre

220 998 457 1040 cogerentur!
505 996 555 1031 Et
577 995 668 1031 licet
698 995 881 1031 fidicinam
912 996 1036 1031 eodem
1066 1006 1188 1032 secum
1219 997 1339 1040 ducat,
1372 997 1468 1041 quod
1497 1007 1563 1042 per
1585 1008 1624 1032 se
1648 997 1728 1033 veri

219 1051 499 1087 dissimillimum
531 1055 589 1088 est
620 1056 658 1088 et
689 1052 797 1088 claris
828 1052 906 1088 eius
930 1052 1051 1088 verbis
1074 1052 1268 1088 manifesto
1294 1053 1476 1104 obstrepit
1518 1054 1642 1097 (,solu3
1665 1054 1725 1089 de—

218 1108 384 1144 veniam.
399 1136 408 1144 .
424 1110 444 1144 .‘
488 1120 523 1145 v.
547 1110 627 1154 365,
660 1110 746 1154 ,iam
784 1120 853 1155 ego
878 1110 1014 1154 parabo
1032 1137 1040 1145 .
1055 1137 1063 1145 .
1081 1136 1089 1144 .
1105 1111 1126 1145 .‘
1156 1121 1190 1145 v.
1214 1110 1281 1145 371
1319 1109 1343 1145 i.
1369 1120 1400 1145 e.
1430 1110 1592 1156 ,hierauf
1616 1111 1725 1146 werd’

218 1165 277 1201 ich
308 1166 555 1212 beschaffen‘),
599 1169 725 1202 tamen
754 1167 846 1202 haec
881 1165 1037 1202 sermoni
1067 1166 1263 1211 quidquam
1300 1166 1386 1202 novi
1423 1166 1583 1211 lepidive
1613 1167 1725 1202 inter-

217 1223 369 1260 miscere
394 1235 467 1260 non
492 1227 626 1269 potest,
651 1224 714 1260 sed
726 1228 851 1260 tacens
870 1224 1036 1260 fraudem
1055 1224 1174 1260 celare
1195 1224 1351 1260 debebit.
1377 1244 1417 1249 —
1445 1224 1498 1259 At
1520 1234 1624 1260 nemo
1648 1225 1725 1260 tale

218 1281 416 1327 quidquam
449 1282 607 1318 voluisse
637 1281 799 1317 videtur:
837 1282 1050 1327 Apoecidem
1091 1285 1190 1317 certo
1229 1293 1310 1317 cum
1346 1282 1475 1317 lenone
1506 1282 1680 1328 congredi
1705 1292 1725 1317 e
1759 1315 1763 1322 ,

217 1339 314 1375 servi
336 1339 456 1375 verbis
481 1339 525 1383 ,si
549 1339 611 1383 qui
635 1339 681 1374 ad
706 1348 788 1374 eum
812 1338 996 1375 adveniat‘
1021 1350 1055 1374 v.
1068 1339 1138 1375 365
1163 1342 1380 1385 coegerunt3
1405 1339 1473 1374 hoc
1500 1338 1617 1385 igitur
1639 1351 1724 1376 num

217 1395 363 1440 probari
395 1398 512 1441 possit
544 1395 821 1432 consideremus.
875 1396 1070 1441 Epidicum
1100 1406 1212 1431 senex
1247 1395 1285 1431 in
1315 1396 1393 1431 foro
1433 1400 1635 1442 exspectat,
1666 1397 1724 1432 cui

216 1453 307 1489 nihil
331 1453 449 1499 magis
475 1453 675 1489 cavendum
699 1456 766 1497 est,
793 1465 901 1498 quam
923 1463 970 1488 ne
993 1452 1172 1498 Apoecidi
1196 1452 1274 1488 sine
1298 1453 1480 1498 marsupio
1506 1454 1553 1497 (v.
1577 1454 1659 1498 345)
1686 1458 1724 1489 et

216 1521 288 1545 non
321 1510 499 1545 conducta
528 1509 674 1546 fidicina
707 1512 754 1554 (v.
788 1510 868 1553 312)
906 1513 1089 1555 occurrat-3
1125 1510 1184 1545 hic
1220 1510 1314 1545 enim
1346 1510 1400 1545 ita
1429 1522 1501 1546 non
1531 1514 1724 1546 cunctetur

215 1567 375 1612 puellam
410 1567 487 1611 ipse
524 1569 710 1611 empturus
747 1567 914 1602 lenonem
946 1567 1046 1601 adire
1077 1570 1115 1601 et
1145 1567 1311 1602 fraudem
1345 1567 1513 1602 nimirum
1546 1568 1720 1613 detegat3

199 1620 325 1669 *quare
349 1624 441 1659 bono
467 1623 617 1659 consilio
653 1634 780 1660 servus
809 1623 985 1659 astutiam
1008 1623 1108 1669 prius
1133 1623 1316 1669 instituet,
1348 1635 1455 1668 quam
1485 1634 1607 1660 senem
1639 1636 1721 1660 con-

212 1682 356 1718 venerit
382 1682 442 1726 (cf.
467 1692 502 1717 v.
514 1681 594 1726 312,
607 1681 686 1724 363,
700 1681 768 1717 371
784 1682 896 1726 sqq.);
923 1681 1081 1716 adducet
1105 1680 1139 1715 ei
1163 1680 1289 1716 statim
1314 1681 1529 1716 conductam
1553 1682 1722 1726 puellam,

213 1743 251 1774 et
280 1739 464 1784 quaslibet
495 1749 624 1774 causas
658 1738 697 1774 in
729 1748 791 1774 ore
824 1738 984 1783 habebit,
1018 1749 1082 1774 cur
1112 1748 1223 1783 opera
1258 1737 1335 1773 eius
1367 1742 1491 1783 spreta
1520 1748 1596 1774 rem
1625 1740 1722 1784 apud

211 1798 380 1833 lenonem
413 1797 486 1831 iam
517 1796 596 1841 ipse
633 1796 844 1831 confecerit.
893 1796 1019 1840 Qualis
1057 1806 1143 1832 vero
1179 1807 1275 1831 nunc
1312 1796 1438 1832 fabula
1474 1800 1606 1841 exstat,
1643 1797 1721 1832 sine

213 1854 418 1898 suspicione
443 1863 565 1888 senem
597 1852 780 1888 fidicinam
813 1853 998 1897 excepisse
1031 1853 1213 1898 videmus3
1245 1857 1285 1888 at
1307 1853 1485 1888 faciamus
1515 1864 1595 1888 eum
1626 1855 1722 1889 servi

217 1910 338 1947 verbis
363 1910 521 1946 diffisum
547 1910 594 1946 ad
617 1911 772 1956 lupanar
794 1920 961 1956 pergere,
986 1920 1032 1946 ex
1056 1911 1217 1946 tenebris
1244 1910 1440 1946 eruendum
1461 1910 1542 1956 erit,
1567 1922 1722 1955 quonam

213 1968 317 2003 modo
342 1968 410 2003 hoc
434 1967 516 2003 fieri
540 1968 674 2012 possit:
708 1979 793 2003 nam
818 1971 884 2003 aut
914 1968 1037 2002 ambos
1070 1967 1152 2002 illos
1177 1977 1289 2002 senex
1312 1977 1434 2002 secum
1458 1968 1624 2011 deducet,
1656 1973 1722 2003 aut

213 2017 401 2062 fidicinam
423 2025 660 2070 Epidicumve
684 2024 877 2071 relinquet,
903 2027 968 2060 aut
992 2023 1147 2069 denique
1172 2025 1269 2060 solus
1292 2024 1458 2059 lenonem
1482 2024 1588 2060 viset.
1626 2025 1720 2069 Quo-

213 2093 294 2117 rum
317 2085 361 2117 ut
384 2082 549 2126 primum,
580 2082 636 2117 ita
666 2082 822 2117 alterum
854 2091 995 2125 quoque
1021 2092 1043 2115 a
1075 2081 1204 2115 fraude
1233 2081 1454 2125 perficienda
1483 2092 1629 2125 prorsus
1658 2083 1719 2117 ab-

213 2139 356 2184 horret,
389 2150 473 2175 nam
497 2149 615 2186 neque
639 2139 738 2183 licet,
771 2140 815 2174 ut
838 2148 948 2182 supra
971 2137 1044 2173 iam
1069 2137 1234 2183 diximus,
1267 2137 1450 2173 fidicinam
1481 2149 1560 2174 cum
1589 2139 1718 2174 lenone
1767 2146 1769 2148 ·

214 2197 401 2242 congredi,
429 2197 507 2233 sive
532 2207 675 2232 servum
700 2196 827 2231 adesse
858 2196 935 2231 sive
960 2196 1088 2230 abesse
1118 2195 1245 2238 mavis,
1275 2205 1394 2241 neque
1426 2195 1609 2231 fidicinam
1637 2197 1717 2231 dili-

212 2256 345 2299 genter
370 2253 643 2290 custodiendam
669 2254 715 2298 (v.
738 2252 819 2297 294,
844 2252 926 2297 398)
954 2251 1067 2287 solam
1090 2252 1272 2297 relinquet
1295 2252 1361 2296 ita,
1387 2256 1431 2288 ut
1454 2264 1533 2288 oum
1555 2253 1714 2298 Epidico

215 2322 288 2347 uno
312 2312 479 2348 lenonem
505 2312 716 2356 conveniat,
742 2311 788 2347 cf.
814 2322 908 2356 quae
931 2311 1128 2356 Lanyrehr.
1154 2311 1178 2346 l.
1203 2322 1231 2346 s.
1257 2322 1285 2346 s.
1309 2322 1344 2356 p.
1370 2311 1415 2346 14
1440 2310 1476 2346 in
1501 2311 1600 2346 notis
1626 2311 1716 2346 dicit

213 2368 450 2413 ,Periphanes
491 2369 550 2404 vel
581 2369 783 2413 Apoecides
813 2368 872 2403 vel
903 2368 1018 2412 ambo,
1055 2367 1114 2402 vel
1145 2367 1209 2402 alii
1247 2377 1371 2402 senum
1398 2368 1527 2412 legati,
1560 2378 1643 2410 non,
1675 2372 1718 2402 ut

213 2425 384 2462 Goetzius
416 2425 506 2461 miro
537 2426 641 2461 modo
672 2426 763 2469 vult,
789 2424 963 2470 Apoecid.
987 2428 1026 2459 et
1057 2424 1134 2469 ipse
1158 2424 1342 2469 Epidicus.
1390 2424 1497 2459 Certe
1527 2427 1615 2460 tunc
1647 2435 1718 2459 non

211 2484 288 2527 ,qui
300 2510 309 2518 .
325 2510 333 2518 .
348 2511 356 2518 .
371 2483 580 2519 adveniant‘
618 2483 777 2528 positum
813 2484 932 2518 esset.‘
994 2482 1113 2517 Unum
1149 2481 1266 2527 igitur
1294 2485 1422 2524 restat,
1459 2485 1503 2516 ut
1537 2482 1718 2527 fingamus

211 2539 425 2584 Apoecidem
446 2540 561 2575 solum
598 2540 642 2575 de
675 2540 858 2585 emptione
888 2539 1074 2584 requirere
1109 2559 1155 2564 —
1190 2539 1234 2573 de
1259 2538 1465 2584 Periphane
1503 2539 1636 2574 iterum
1672 2539 1718 2574 ad

210 2607 245 2633 v.
269 2596 338 2633 285
362 2608 439 2642 sqq.
463 2608 661 2642 provocare
684 2598 798 2633 liceat
820 2618 877 2642 —-,
909 2597 1004 2641 quod
1035 2600 1073 2632 et
1096 2596 1240 2641 Epidici
1265 2596 1385 2632 verbis
1417 2600 1455 2631 et
1486 2607 1519 2631 v.
1544 2596 1614 2631 363
1639 2607 1717 2641 sqq.

211 2646 439 2698 aptissimum
464 2658 530 2690 est.
567 2655 636 2690 Sed
660 2658 704 2690 ut
727 2655 801 2690 alia
825 2665 995 2699 magnam
1020 2653 1127 2688 huius
1151 2653 1205 2688 rei
1229 2652 1499 2697 desperantiam
1524 2653 1718 2689 afferentia

209 2711 440 2757 reticeamus,
467 2723 617 2756 quorum
646 2712 685 2747 id
709 2711 991 2748 uouminimum
1023 2714 1090 2756 est,
1123 2710 1217 2754 quod
1241 2710 1444 2754 Apoecides
1476 2710 1564 2755 quin
1597 2722 1718 2746 coram

210 2768 415 2814 Periphane
456 2770 503 2814 (v.
526 2769 595 2806 395
619 2770 710 2815 sqq.)
748 2770 918 2806 lenonem
949 2771 1201 2804 commemoret
1238 2767 1362 2803 facere
1392 2767 1455 2804 vix
1485 2768 1613 2813 possit,
1651 2779 1718 2804 nec
