2052 3172
1036 139 1060 178 9

300 271 515 314 nominum
555 271 805 314 varietatem
844 285 938 315 cum
986 271 1197 326 chperto
1241 271 1301 326 (in
1342 271 1479 314 Plaut.
1502 269 1631 315 stud.
1672 272 1753 315 vol.
1784 272 1806 313 I

288 342 395 393 pag.
429 339 500 393 66)
541 340 624 382 levi
654 343 805 393 poetae
834 340 1128 394 neglegentiae
1159 352 1207 382 eo
1238 339 1440 382 libentius
1469 339 1676 392 tribuere,
1721 352 1804 393 quo

300 406 466 451 facilius
487 420 579 450 eam
600 411 843 462 spectantes
862 420 1040 462 prorsus
1059 403 1220 462 fugisse
1240 407 1362 450 nemo
1382 408 1556 462 negabit
1584 407 1654 462 (cf.
1676 407 1805 451 etiam

307 477 537 519 Goetxium
576 476 619 518 in
650 477 741 520 Act.
783 490 868 521 soc.
900 477 1002 531 phil.
1037 477 1161 531 ‚Lips.
1184 477 1244 520 VI
1273 489 1313 530 p.
1337 477 1461 536 287);
1507 477 1583 520 sed
1625 476 1803 530 felicius,

301 549 349 588 ut
376 544 649 598 arbitramur,
697 549 848 599 poetae
885 544 1195 598 subveniemus,
1239 546 1276 588 si
1306 557 1470 588 omnem
1511 545 1805 599 neglegentiae

300 614 599 666 cogitationem
619 615 826 667 repellere
845 614 1103 657 conabimur.
1148 614 1383 656 Audiverat
1402 614 1605 667 Epidicus
1635 626 1804 668 quoquo

300 681 424 726 modo
463 682 646 736 aliquem
693 677 871 726 militem
902 682 1258 737 Acropolistidem
1296 680 1508 725 fidicinam
1548 682 1629 725 sibi
1664 694 1805 726 emere

300 752 430 794 velle:
471 751 648 793 studens
687 752 819 805 igitur
848 750 991 794 verbis
1022 752 1110 794 suis
1139 746 1361 794 maiorem‘
1383 751 1467 792 vim
1496 747 1655 793 addere
1684 751 1800 794 Stra-

299 819 581 874 tippoclisque
611 832 734 863 curas
763 821 911 875 utique
939 820 1083 864 levare
1114 820 1285 864 simulat
1315 832 1362 863 se
1392 819 1550 862 certius
1591 819 1643 862 de
1672 818 1804 863 bella-

301 891 395 931 tore
424 892 684 942 compertum
711 888 882 941 habere,
913 901 1040 943 quum
1063 889 1307 930 Euboicum
1339 900 1434 931 eum
1455 889 1658 940 nominat,
1689 889 1805 931 nulla

300 957 463 1000 scilicet
491 957 730 1011 cognitione
759 958 947 1011 innixus;
986 958 1132 1001 eadem
1163 958 1215 1001 de
1235 969 1364 1000 causa
1392 953 1505 1011 apud
1523 957 1804 1011 Periphanem

300 1037 466 1079 quoque
488 1025 644 1068 ‘militis
672 1026 853 1079 patriam
883 1026 1005 1080 fingit
1034 1026 1341 1080 repentinoque
1380 1026 1552 1068 invento
1580 1025 1804 1067 Rhodium

301 1105 396 1136 eum
425 1094 630 1148 appellat:
671 1095 915 1138 iamdudum
956 1096 1067 1138 enim
1097 1095 1280 1137 fortasse
1319 1093 1479 1137 oblitus
1519 1098 1586 1137 est
1614 1106 1661 1137 se
1689 1095 1803 1148 apud

299 1162 612 1206 adulescentem
642 1163 875 1206 Euboicum
914 1164 1084 1216 dixisse,
1132 1163 1243 1218 quod
1281 1164 1324 1205 in
1355 1175 1402 1205 re
1442 1166 1528 1205 tam
1567 1162 1675 1205 levis
1713 1175 1803 1206 mo-

298 1231 430 1273 menti
459 1230 657 1274 facillime
687 1233 855 1275 evenire
885 1237 1065 1286 poterat.
1125 1233 1193 1274 Ita
1222 1232 1382 1284 gravici
1419 1231 1533 1274 servi
1562 1231 1803 1284 expeditam

298 1299 503 1342 malitiam
534 1300 662 1343 etiam
701 1301 745 1343 in
774 1301 959 1344 minimis
977 1300 1119 1344 'rebus
1151 1301 1357 1344 sentimus
1397 1304 1440 1343 et
1468 1304 1635 1343 tantum
1665 1298 1821 1359 abest,-

298 1371 347 1410 ut
375 1373 545 1421 poetam
575 1368 630 1412 ob
660 1370 876 1412 levitatem
905 1371 1256 1423 perstringamus,
1288 1374 1336 1412 ut
1364 1368 1475 1412 bono
1505 1369 1682 1412 consilio
1712 1380 1803 1410 rem

298 1435 361 1478 ita
391 1448 487 1479 eum
516 1436 754 1480 instituisse
784 1438 1112 1492 arbitremur.¹⁰)

414 1504 605 1548 Secundo
635 1506 728 1548 loco
757 1507 953 1560 ponimus
985 1520 1022 1550 V.
1041 1507 1137 1554 166
1165 1518 1288 1562 sqq„
1322 1506 1674 1560 quemadmodum
1703 1507 1801 1550 doc-

298 1576 438 1615 torum
467 1573 638 1627 ingenia
673 1575 930 1627 vexaverint,
971 1588 1150 1630 quorum
1178 1573 1459 1629 Ladewiyius
1489 1574 1550 1628 (in
1582 1574 1799 1617 Zimmer-

297 1641 458 1683 manm'
494 1642 760 1686 Diurn.·ant.
793 1644 904 1687 stud.
947 1658 984 1687 a.
1019 1648 1126 1687 1841
1169 1640 1209 1697 p.
1247 1647 1354 1686 1079
1385 1644 1495 1697 sqq.)
1535 1647 1580 1686 et
1617 1643 1803 1686 Weim'us

297 1710 324 1752 l.
349 1711 394 1752 ’8.
427 1722 460 1752 s.
506 1712 662 1754 similia
700 1717 974 1761 monuerunt:
1020 1705 1210 1766 ineptum
1250 1723 1346 1754 esse
1387 1723 1510 1753 senes
1549 1712 1602 1754 de
1641 1713 1802 1766 nuptiis

296 1790 437 1832 agere,
474 1791 582 1833 quae
611 1783 762 1833 postea
791 1793 845 1823 ne
875 1793 1017 1824 coram
1047 1781 1244 1834 Philippa
1279 1779 1448 1834 quidem
1479 1780 1660 1834 amplius
1690 1791 1803 1823 com-

296 1851 634 1890 memorarentur
674 1848 742 1903 (cf.
784 1861 822 1891 v.
866 1853 947 1891 526
992 1849 1126 1903 sqq.);
1173 1850 1256 1891 iam
1287 1861 1323 1890 v.
1362 1846 1442 1891 1'90
1482 1848 1624 1891 subito
1663 1848 1716 1891 de
1755 1861 1804 1891 re

296 1927 322 1957 a
360 1915 505 1969 priore
544 1928 739 1959 sermone
778 1917 1037 1960 alienissima
1083 1915 1179 1960 illos
1221 1917 1446 1969 disserere,
1496 1928 1630 1970 quare
1666 1920 1802 1960 totam

296 1995 464 2027 scenam
504 1984 567 2026 ita
601 1985 771 2039 quidem
810 1985 915 2029 ferri
956 1999 1040 2029 non
1069 1998 1208 2040 posse,
1250 1998 1386 2039 neque
1416 1985 1585 2028 dubitat
1622 1985 1694 2027 ille
1723 1985 1802 2027 hac

296 2051 526 2096 offensione
555 2053 609 2096 ad
640 2055 1037 2098 contaminationem
1074 2054 1345 2099 evincendam
1375 2054 1451 2096 uti.
1498 2052 1801 2108 Lavzyrelm‘us

296 2133 397 2164 vero
426 2122 471 2163 in
499 2122 674 2166 Miscell.
706 2118 852 2178 philol.
883 2125 1071 2178 Gotting.
1109 2127 1215 2166 1876
1245 2137 1286 2177 p.
1313 2127 1364 2166 10
1384 2135 1474 2176 sqq.
1506 2126 1550 2164 et
1579 2122 1671 2175 ipse
1701 2127 1800 2165 c'on-

295 2191 546 2234 taminatam
576 2189 799 2246 Epidicum
838 2193 1067 2235 effecturus
1097 2194 1139 2235 in
1182 2205 1308 2235 scena
1336 2192 1480 2245 priore
1510 2196 1590 2233 act.
1621 2191 1664 2233 Π
1702 2203 1801 2233 con-

296 2258 393 2301 silia
422 2271 570 2303 senum
600 2272 830 2315 eorumque
851 2261 1201 2304 commutationes
1233 2259 1462 2314 significari
1483 2261 1639 2311 censet,
1671 2270 1800 2312 quum

295 2327 478 2381 primum
508 2328 789 2382 Periphanem
819 2330 1040 2372 consilium
1069 2330 1290 2383 Philippae
1319 2327 1533 2371 ducendae
1561 2327 1726 2380 cepisse
1757 2331 1800 2369 et

296 2410 391 2440 cum
410 2397 624 2453 Apoecide
653 2399 984 2442 communicasse
1014 2399 1258 2454 suspiceris,
1288 2401 1438 2453 postea
1457 2400 1599 2440 autem
1627 2396 1801 2450 nuptias

296 2467 388 2520 ipse
417 2471 599 2520 recuset,
630 2468 741 2511 alter
771 2469 1041 2512 cohortetur:
1083 2469 1232 2511 harum
1274 2480 1417 2510 rerum
1456 2479 1533 2520 per
1573 2469 1709 2508 totam
1739 2464 1801 2508 fa-

295 2534 439 2579 bulam
466 2536 628 2579 nullum
657 2537 742 2580 iam
771 2549 979 2592 apparere
1008 2538 1248 2592 vestigium.
1309 2535 1520 2579 Accedere
1556 2533 1669 2588 quod
1698 2534 1800 2577 item

296 2605 596 2660 Stratippoclis
626 2607 800 2660 nuptiae
819 2607 1081 2650 adornentur
1110 2611 1154 2649 et
1173 2609 1496 2661 praeparentur,
1528 2603 1604 2646 sed
1623 2596 1801 2646 neutrae

295 2675 583 2729 perficiantur,
599 2688 676 2719 nec
687 2676 825 2719 minus
835 2677 1040 2719 incuria-m
1052 2676 1334 2719 adulescentis
1344 2673 1619 2717 offensionem
1628 2672 1798 2723 habere,

296 2756 381 2799 qua
399 2757 447 2787 v.
482 2747 564 2788 362
606 2745 839 2799 periculum
880 2746 1123 2800 nuptia-rum
1164 2745 1363 2800 accipiat:
1409 2757 1460 2787 ex
1500 2742 1696 2787 omnibus
1734 2740 1801 2783 his
