2052 3172
1001 127 1057 167 48

269 262 416 306 tantae
434 260 742 316 magnitudinis
761 260 887 306 facile
907 261 1156 316 contingere
1173 275 1314 318 posse,
1345 265 1406 317 ut,
1438 262 1716 318 quodcunque
1740 263 1785 308 in

269 330 462 385 qualibet
494 331 670 386 regione
705 329 794 384 fiat,
833 330 1025 373 homines
1064 330 1218 385 fugiat,
1249 332 1322 385 qui
1358 332 1443 375 alia
1480 332 1573 375 loca
1608 331 1662 375 ab
1698 332 1784 375 illis

274 399 564 444 remotissima
596 399 720 444 >forte
762 400 1086 454 perambulent?
1154 400 1325 443 Etenim
1375 400 1534 444 dictum
1583 414 1669 445 non
1717 406 1784 446 est

268 467 552 522 Periphanem
581 480 677 511 cum
706 468 921 522 Apoecide
951 480 1030 522 per
1072 480 1145 510 eas
1180 467 1300 510 urbis
1336 469 1429 512 vias
1463 482 1640 522 measse,
1677 482 1783 525 quas

268 535 452 579 militum
480 535 630 591 plenas
661 548 712 597 se
738 536 899 580 vidisse
920 536 1124 591 Epidicus
1143 549 1181 579 v.
1204 539 1287 580 208
1318 536 1503 581 simulat.
1553 539 1642 582 Iam
1670 540 1784 594 quod

268 617 306 648 v.
324 604 754 660 820aaeInIescentes,
787 617 1044 660 quamquam
1073 604 1127 648 ab
1148 600 1325 660 Epidico
1344 607 1507 660 moniti,
1539 609 1781 652 securitatis

268 685 372 717 cura
399 674 597 728 neglecta
617 674 744 718 domo
760 674 1004 719 Chaeribuli
1027 673 1318 728 egrediuntur,
1348 688 1428 730 per
1457 689 1503 720 se
1531 677 1672 732 ipsum
1691 678 1782 733 qui-

267 744 464 787 dem-hoc
487 744 743 799 praesertim
759 747 899 787 2207
922 747 1166 798 comparato
1187 742 1374 798 offendit,
1395 745 1440 787 id
1460 745 1572 800 quod
1596 746 1783 789 Weisius

267 816 384 857 recte
413 812 599 857 exhibet.
659 812 745 857 Sed
775 813 813 856 si
843 812 1159 867 simplicitatem
1196 816 1428 867 apparatus
1459 805 1781 860 scenici'animo

266 883 514 936 repetimus,
545 893 629 936 qua
648 881 848 925 Plautino
879 881 1051 935 quidem
1081 885 1273 935 tempore
1302 882 1410 924 nulli>
1438 888 1781 928 ornamentorum

266 949 480 1005 proscenii
495 949 697 993 varietati
712 949 852 993 locum
867 948 1003 993 fuisse
1018 949 1109 993 veri
1125 949 1387 993 simillimum
1403 954 1470 994 est
1490 951 1559 1007 (cf.
1571 944 1778 995 &Halm

267 1030 381 1063 scen.
412 1023 576 1073 quaest.
613 1018 751 1061 Plaut.
784 1031 825 1072 p.
849 1022 874 1061 6
897 1018 1021 1073 sqq.),
1060 1022 1226 1070 tantum
1264 1017 1399 1071 abest,
1436 1023 1485 1062 ut
1513 1024 1682 1074 poetam
1698 1021 1781 1064 ·vi-

265 1093 529 1145 tuperemus,
574 1088 643 1131 cui
688 1088 999 1142 Stratippocles
1044 1091 1120 1131 aut
1163 1100 1242 1142 per
1284 1091 1419 1131 totam
1462 1088 1552 1132 fere
1594 1088 1780 1132 fabulam

265 1156 435 1202 actione
453 1156 736 1201 secludendus
762 1159 838 1199 aut
868 1168 964 1200 cum
992 1156 1066 1200 illo
1095 1156 1285 1210 periculo
1316 1157 1359 1199 in
1380 1156 1634 1212 colloquium
1654 1157 1780 1201 redu-

266 1227 424 1271 cendus
453 1230 561 1278 erat,
591 1229 642 1270 ut
666 1225 990 1269 adulescentem
1014 1226 1290 1280 aspectandi
1309 1226 1508 1268 mceiatu
1530 1239 1581 1269 ex
1602 1225 1779 1270 aedibus

266 1296 456 1339 elicitum
476 1294 641 1349 fingens
671 1295 727 1350 (v.
753 1294 999 1348 320-322)
1020 1293 1265 1338 felicissime
1285 1307 1375 1338 rem
1396 1295 1636 1350 instituisse
1657 1295 1779 1339 nobis

265 1365 475 1419 videatur,
505 1376 637 1420 quum
652 1364 729 1407 -ita
758 1376 843 1407 uno
874 1363 990 1406 saltu
1020 1363 1127 1407 duos
1158 1376 1310 1418 capros
1339 1364 1501 1419 ceperit
1529 1368 1779 1419 argumento

264 1435 430 1491 pariter
464 1436 663 1488 respecto
701 1435 830 1487 atque
866 1430 1182 1486 probabilitate.
1221 1457 1278 1463 —-
1307 1432 1358 1475 V.
1381 1432 1479 1481 382
1511 1444 1623 1490 sqq.
1658 1433 1776 1476 Peri-

264 1503 459 1558 phanem,
508 1501 849 1545 amantissimum
889 1499 967 1543 filii
1006 1503 1187 1555 patrem,
1240 1501 1461 1556 poenitere
1503 1502 1642 1556 coepit
1682 1515 1778 1545 con-

264 1572 471 1628 siliorum,
509 1583 622 1626 quae
650 1570 695 1613 in
725 1570 845 1613 illum
873 1569 1154 1621 machinatur,
1196 1582 1324 1623 quum
1368 1570 1602 1629 solidorum
1642 1570 1778 1624 ipsius

264 1639 585 1684 malefactorum
625 1640 670 1682 in
697 1638 990 1682 adulescentia
1023 1650 1109 1681 non
1138 1638 1296 1681 oblitus
1327 1638 1418 1691 sit3,
1444 1638 1520 1681 sed
1551 1638 1778 1692 Apoecidis

264 1721 360 1753 cum
388 1708 550 1764 praeda
578 1707 845 1752 advenientis
876 1710 1053 1762 aspectu
1083 1707 1192 1751 tales
1211 1707 1342 1750 animi
1371 1710 1512 1751 motus
1542 1706 1777 1762 infringun-

263 1783 338 1822 tur
365 1777 600 1832 celerrime,
631 1789 740 1832 quos
767 1776 849 1820 hoc
877 1777 969 1820 loco
999 1777 1169 1831 ineptos
1189 1780 1234 1820 et
1253 1790 1278 1820 a
1298 1789 1346 1820 re
1376 1777 1537 1821 alienos
1567 1789 1662 1821 esse
1692 1791 1777 1821 non

262 1847 370 1891 satis
399 1850 467 1890 est
496 1846 750 1901 simpliciter
779 1846 1036 1889 contendere
1065 1845 1190 1901 (W),
1221 1845 1298 1889 sed
1327 1845 1495 1888 ratione
1514 1849 1632 1889 certa
1661 1859 1776 1889 mon-

262 1915 497 1959 strandum.
557 1914 707 1969 Neque
743 1915 905 1958 rectius
943 1914 1131 1957 Weisius
1160 1914 1268 1957 vidit
1303 1914 1347 1956 in
1377 1926 1416 1958 v.
1437 1912 1538 1962 526
1558 1926 1670 1971 sqq.
1701 1927 1772 1958 ex-

262 1984 500 2039 planandis,
530 1984 605 2027 ubi
636 1980 778 2038 spatio
798 1983 952 2037 viginti
982 1983 1072 2026 fere
1101 1995 1309 2026 annorum
1328 1995 1480 2036 parum
1508 1983 1674 2036 tribuit,
1705 1985 1776 2037 qui

263 2066 315 2096 ex
353 2052 571 2096 Telesti'de
616 2052 761 2107 genita
804 2051 1151 2105 intercesserant,
1198 2050 1443 2105 formaeque
1483 2051 1774 2109 mutationem,

262 2133 347 2176 qua
374 2133 506 2176 quum
526 2120 809 2175 Periphanem
838 2123 929 2162 tum
949 2120 1190 2174 Philippam
1219 2123 1268 2162 ut
1298 2119 1518 2162 mulierem
1534 2119 1775 2162 admodum

262 2188 513 2234 defloruisse
534 2192 865 2234 consentaneum
896 2191 975 2242 est,
1007 2187 1179 2231 silentio
1200 2187 1500 2231 dissimulavit:
1529 2200 1608 2241 per
1637 2191 1774 2231 totum

262 2262 405 2302 autem
423 2258 542 2307 ⁴illud
571 2261 740 2312 tempus
769 2269 855 2301 non
885 2260 1183 2301 convenerant.
1231 2256 1465 2299 Praeterea
1493 2256 1774 2311 Periphanem

262 2328 315 2372 de
340 2328 540 2383 Philippa
568 2327 762 2371 ducenda
787 2326 1011 2370 consilium
1041 2329 1205 2369 certum
1231 2325 1416 2369 nondum
1445 2325 1609 2379 cepisse
1639 2325 1775 2368 videri

262 2409 395 2452 supra
423 2396 606 2440 diximus
649 2408 745 2451 pag.
774 2399 837 2448 ll,
883 2407 968 2450 qua
1011 2406 1059 2437 re
1104 2394 1211 2438 satis
1255 2393 1478 2447 indicetur,
1525 2405 1601 2437 cur
1646 2405 1774 2438 senex

262 2466 441 2509 amicam
472 2479 568 2508 cum
598 2466 797 2509 cautione
826 2464 1008 2518 quadam
1039 2463 1236 2517 excipiat.
1270 2487 1322 2493 —-
1353 2462 1404 2505 V.
1427 2461 1546 2509 675:

318 2557 551 2601 Duodecim
581 2555 674 2600 deis
702 2556 800 2611 plus
831 2567 958 2610 quam
992 2555 1037 2598 in
1067 2554 1183 2597 caelo
1214 2553 1433 2597 deorumst
1471 2553 1772 2617 immortalium

318 2625 425 2669 Mihi
454 2625 567 2669 minc
596 2625 753 2675 auxilio
784 2624 1004 2667 adiutores
1035 2621 1137 2666 sunt
1167 2625 1211 2674 et
1239 2634 1404 2665 mecum
1434 2622 1621 2665 militant
1645 2647 1695 2653 —-
1717 2647 1772 2652 -—

261 2718 410 2761 doctos
440 2718 495 2761 ad
524 2718 637 2760 hunc
667 2717 779 2759 diem
800 2718 1073 2766 vexaverunt,
1105 2714 1157 2757 cf.
1179 2714 1236 2758 R.
1261 2701 1505 2756 Mz'c'llerum
1536 2714 1589 2756 de
1610 2713 1670 2756 Pl.
1692 2709 1770 2767 Ep.
