2052 3172
1047 129 1100 172 66

316 267 444 304 turbas
455 266 563 304 huius
582 265 730 303 fabulae
747 266 954 303 accuratius
972 266 1045 303 iam
1056 266 1279 315 Scaliyerum
1295 266 1552 313 inquisivisse:
1571 266 1708 314 quippe
1726 266 1828 305 cuius

317 325 430 361 verba
452 323 616 370 prodigii
643 323 779 360 similia
801 324 877 361 sint
906 327 945 360 et
968 335 1056 361 vera
1080 323 1248 369 falsaque
1272 324 1362 361 mire
1394 324 1588 361 commixta
1619 324 1827 361 exhibeant.

408 451 466 496 19)
493 449 689 495 ,Quomodo
716 448 824 493 (quis)
849 448 1132 493 imprudentiam
1156 449 1256 486 illius
1280 453 1395 496 atque
1419 451 1689 497 ingenuitatem
1701 450 1825 486 defen-

315 508 390 554 det,
414 518 489 553 qua
511 505 817 553 Acropolistidem
846 505 917 542 sibi
941 509 1066 542 notam
1097 509 1136 542 et
1159 517 1182 543 a
1206 506 1466 554 Stratippocle,
1497 506 1715 554 Periphanis
1738 506 1826 552 filio,

315 565 573 601 manumissam
595 563 743 609 prodit?
772 562 936 600 Revellit
958 563 1014 600 ita
1036 566 1153 600 totam
1167 564 1313 610 Epidici
1337 565 1514 609 fraudem,
1539 565 1646 611 quod,
1671 565 1703 601 si
1726 564 1826 609 socia

315 622 395 658 eius
419 622 523 658 facta
547 624 658 667 esset,
683 623 783 657 certe
807 631 881 657 non
904 620 1080 657 fecisset.‘

408 748 467 794 20)
493 748 585 785 Post
618 747 884 794 Lanyrehffum
925 746 962 783 G.
989 747 1043 783 M.
1071 747 1322 783 Franckenius
1357 747 1396 783 in
1426 747 1600 784 Mnemos.
1633 759 1669 785 n.
1693 759 1721 784 ε.
1753 750 1826 786 VH

316 806 435 851 (1879)
459 806 551 842 fasc.
574 805 614 841 H
636 816 672 851 p.
685 803 870 841 184—204
893 803 992 840 inter
1015 813 1054 840 se
1078 804 1329 851 repugnantia
1355 804 1532 850 quaedam
1555 805 1711 849 notavit,
1738 817 1824 852 quo-

310 875 390 899 rum
416 873 527 898 unum
551 861 716 898 sufficiat
738 862 941 906 ponderare
955 871 1089 906 eorum,
1115 871 1209 905 quae
1221 862 1423 897 Lorenzius
1446 862 1485 897 in
1497 862 1680 898 Bursiani
1692 863 1825 903 Annal.

312 932 361 957 sc.
386 924 463 957 ant.
487 920 559 957 vol.
591 919 720 956 XVIII
749 930 784 965 p.
809 918 855 955 22
884 921 929 955 ut
957 918 1178 965 gravissima
1207 918 1434 966 significavit
1464 940 1511 945 —
1541 919 1699 957 alterum
1729 921 1825 958 enim

313 980 361 1014 (v.
384 976 580 1022 314—318‚
604 976 765 1013 317-75
789 987 870 1012 cum
893 976 1052 1021 500sqq.
1079 976 1244 1020 collatos)
1270 976 1343 1013 iam
1368 988 1478 1022 supra
1503 977 1674 1023 expedire
1700 979 1823 1015 conati

312 1046 446 1072 sumus.
495 1034 657 1071 Offendit
681 1033 933 1070 Franckenius
955 1044 991 1070 v.
1013 1033 1083 1070 275
1108 1044 1204 1079 sqq.:

518 1114 630 1159 Quasi
653 1118 697 1150 tu
721 1114 847 1159 cupias
871 1114 1029 1164 liberare
1054 1113 1248 1150 fidicinam
1267 1113 1384 1150 'animi
1408 1114 1534 1160 gratia

518 1171 703 1217 Quasique
730 1182 828 1207 ames
853 1172 1088 1208 vehementer
1111 1174 1155 1207 tu
1179 1171 1280 1207 illam
1305 1174 1386 1217 etc„

310 1262 405 1297 quae
438 1263 550 1289 causa
582 1251 756 1290 emendae
788 1252 936 1298 puellae
969 1251 1071 1287 nullo
1103 1251 1176 1287 alio
1207 1252 1286 1287 loco
1326 1251 1542 1288 exhibeatur
1571 1255 1609 1288 et
1639 1264 1661 1289 a
1693 1263 1728 1289 v.
1752 1252 1822 1288 410

308 1321 456 1355 prorsus
481 1310 689 1346 abhorreat.
723 1310 840 1346 Recte
865 1309 1028 1354 quidem3
1053 1309 1117 1345 sed
1136 1309 1232 1354 quod
1253 1312 1311 1345 est
1328 1309 1566 1355 potissimum,
1591 1310 1820 1347 doctissimus

308 1367 366 1405 vir
389 1367 568 1414 neglexit.
614 1367 722 1404 Nullo
748 1367 854 1403 modo
884 1366 965 1403 fieri
995 1370 1130 1412 potest,
1162 1366 1250 1411 quin
1280 1366 1379 1403 servi
1410 1366 1599 1403 consilium
1631 1367 1677 1404 ab
1701 1368 1819 1413 Apoe-

310 1425 400 1461 cidis
424 1425 605 1461 relatione
629 1436 665 1461 v.
678 1425 749 1460 410
760 1435 838 1469 sqq.
863 1424 1047 1460 diversum
1070 1423 1121 1459 sit
1145 1435 1254 1468 quam
1277 1423 1445 1459 maxime.
1482 1423 1621 1459 Suadet
1642 1424 1819 1470 Epidicus

307 1482 518 1529 Periphani,
554 1485 598 1518 ut
630 1481 785 1518 amicam
815 1484 1104 1528 praemercetur3
1142 1481 1207 1517 sed
1237 1492 1310 1517 non
1340 1480 1376 1517 in
1407 1481 1624 1518 servitutem
1653 1502 1699 1507 —
1723 1482 1819 1527 quod

308 1541 397 1585 quin
420 1540 504 1576 leno
517 1542 697 1585 gravetur
708 1539 770 1575 vix
785 1539 934 1575 dubium
947 1539 997 1575 sit
1020 1559 1077 1582 —,
1103 1539 1166 1574 sed
1180 1538 1218 1574 in
1231 1538 1442 1574 libertatem
1465 1548 1504 1574 se
1519 1549 1598 1574 eam
1615 1542 1818 1584 empturum

307 1597 408 1632 dicat
431 1596 610 1640 simulque
643 1595 697 1630 rei
729 1595 940 1640 probandae
972 1606 1084 1632 causa
1114 1595 1243 1631 ardore
1277 1595 1356 1630 eius
1391 1605 1430 1630 se
1461 1595 1622 1640 flagrare
1654 1595 1816 1640 simulet3

306 1657 395 1689 tunc
418 1664 517 1699 vero,
542 1652 606 1690 ubi
630 1663 741 1689 senex
766 1652 957 1689 consilium
987 1652 1169 1698 probavit,
1201 1652 1335 1688 sensim
1367 1652 1431 1688 ille
1456 1652 1507 1698 id,
1524 1652 1690 1697 adornat,
1721 1653 1817 1697 quod

305 1711 351 1746 ab
377 1710 484 1746 initio
508 1710 616 1756 petit,
646 1720 723 1745 rem
753 1710 813 1745 vel
842 1709 898 1746 ita
933 1710 1026 1745 satis
1050 1709 1228 1745 incertam
1260 1720 1338 1745 esse
1371 1709 1506 1755 dicens,
1537 1709 1569 1745 si
1592 1709 1817 1754 Periphanes

304 1768 383 1813 ipse
408 1767 576 1804 lenonem
600 1767 712 1804 adeat
736 1769 818 1812 e’tc„
844 1777 915 1812 quo
940 1766 994 1813 fit,
1025 1770 1068 1803 ut
1091 1766 1314 1813 marsupium
1344 1766 1414 1812 ipsi
1438 1766 1609 1803 tradatur
1639 1770 1678 1803 et
1701 1766 1816 1813 primo

305 1825 452 1869 quidem
489 1826 590 1862 fraus
631 1835 804 1871 prospere
849 1825 1035 1861 succedat.
1090 1824 1185 1869 Quid
1222 1824 1333 1870 aliud,
1373 1835 1605 1870 quaesumus,
1641 1824 1815 1870 Epidicus

303 1883 451 1919 senibus
474 1882 574 1918 hisce
598 1881 721 1918 verbis
744 1892 780 1918 v.
794 1880 863 1918 257
876 1892 954 1927 sqq.
981 1881 1145 1918 obtrudit
1168 1881 1240 1917 nisi
1251 1892 1371 1927 nugas
1384 1886 1527 1918 meras?
1567 1881 1813 1926 Quodcunque

304 1939 399 1976 enim
423 1939 565 1983 suadet,
589 1940 631 1976 id
645 1943 775 1985 postea
797 1950 872 1975 non
887 1939 975 1985 fieri
998 1940 1046 1975 ad
1070 1939 1236 1977 fraudem
1259 1939 1478 1985 patrandam
1509 1939 1640 1984 utique
1663 1949 1813 1975 necesse

303 2001 377 2033 est:
402 1997 440 2032 in
463 1997 653 2032 consilium
681 2005 769 2031 vero
799 1996 1080 2040 unumquodque
1111 1995 1347 2032 festivissime
1373 1996 1541 2040 quadrat.
1589 1995 1741 2042 ,Weisst
1765 1996 1814 2032 du

269 2075 277 2084 ·
301 2054 415 2090 was‘?‘
445 2075 492 2080 —
521 2053 578 2090 ait
599 2053 774 2099 Epidicus
809 2074 855 2079 —
892 2053 940 2089 du
974 2053 1075 2100 gibst
1111 2053 1193 2090 dich
1224 2053 1371 2090 einsach
1406 2053 1467 2090 fiir
1490 2054 1814 2101 sterbensverliebt

301 2112 339 2147 in
364 2111 430 2147 (las
443 2111 623 2147 Madchen
648 2121 732 2155 aus3
757 2110 894 2146 diesem
917 2111 1125 2155 plausiblen
1138 2111 1265 2146 Grund
1289 2111 1503 2157 gegeniiber
1526 2110 1618 2146 wird
1644 2120 1683 2146 er
1705 2111 1812 2147 keine

300 2167 630 2214 Schwierigkeiten
664 2167 861 2214 beziiglich
897 2168 960 2204 des
985 2168 1170 2205 verkaufs
1207 2168 1376 2204 erheben.
1403 2195 1528 2204 ......
1577 2168 1679 2204 Doch
1715 2169 1811 2204 halt!

300 2225 417 2262 Selbst
441 2225 560 2261 darfst
584 2224 632 2260 du
656 2224 760 2260 nicht
783 2224 986 2271 hingehen3
1012 2225 1077 2260 das
1101 2225 1238 2260 konnte
1263 2224 1322 2260 die
1346 2224 1460 2260 Sache
1483 2223 1708 2261 verderben.‘
1732 2245 1778 2251 —

392 2294 472 2330 Iam
494 2293 683 2330 videamus
708 2293 753 2329 de
777 2293 979 2339 Apoecide:
1011 2293 1075 2338 qui
1099 2304 1209 2338 quum
1240 2285 1332 2329 dolis
1357 2293 1403 2329 ab
1430 2293 1613 2338 emptione
1643 2293 1704 2330 vel
1729 2304 1811 2330 con-

300 2351 483 2396 ductione,
514 2351 546 2386 si
568 2350 696 2394 mavis,
726 2350 896 2386 fidicinae
925 2353 1093 2386 retentus
1117 2350 1178 2395 sit,
1208 2361 1280 2385 non
1303 2350 1427 2394 habet,
1459 2360 1554 2395 quae
1584 2350 1664 2386 seni
1695 2351 1811 2387 amico

299 2408 345 2444 de
368 2408 501 2444 lenone
525 2407 683 2452 nuntiet,
709 2407 754 2443 ob
780 2417 932 2453 eamque
956 2418 1033 2444 rem
1058 2406 1252 2454 emptionis
1277 2406 1498 2444 mentionem
1522 2410 1630 2444 caute
1655 2407 1810 2444 omittit:

299 2465 478 2509 quomodo
503 2459 593 2511 ergo
617 2464 715 2501 senis
746 2475 904 2501 amorem
928 2468 973 2501 ut
997 2475 1117 2501 coram
1141 2465 1271 2501 lenone
1303 2467 1537 2510 praetentum
1567 2468 1713 2511 tangat,
1744 2476 1810 2501 nos

298 2522 408 2567 plane
432 2520 545 2567 fugit.
594 2521 653 2557 An
677 2522 759 2557 vult
783 2522 1046 2567 Franckenius,
1076 2524 1120 2558 ut
1143 2521 1229 2567 illis,
1261 2531 1355 2566 quae
1379 2531 1506 2558 servus
1530 2521 1629 2558 inter
1653 2522 1811 2559 eundum

299 2581 346 2623 (v.
358 2578 441 2624 413)
468 2588 550 2615 cum
572 2577 722 2614 fidicina
745 2578 1009 2615 sermocinatus
1025 2582 1094 2625 est,
1119 2579 1253 2615 amoris
1264 2579 1344 2615 heri
1364 2578 1515 2625 quaevis
1534 2579 1671 2615 mentio
1695 2578 1809 2616 insit?

295 2635 412 2680 Atqui
430 2646 504 2671 non
514 2636 676 2680 puellam
696 2636 826 2672 ardore
846 2636 910 2672 illo
930 2636 1182 2682 decipiendam
1202 2646 1292 2682 esse,
1314 2637 1379 2672 sed
1400 2637 1558 2673 lenonem
1574 2646 1620 2673 ex
1637 2635 1810 2673 universa

295 2692 453 2738 ratione,
477 2703 588 2738 quam
606 2692 870 2729 instituendam
881 2693 1057 2739 Epidicus
1076 2693 1156 2729 seni
1173 2692 1356 2739 proponit,
1380 2693 1473 2730 satis
1493 2697 1666 2740 apparet:
1690 2693 1808 2737 immo,

296 2760 344 2785 ne
369 2749 436 2786 illa
459 2749 516 2786 rei
540 2749 739 2795 quidquam
765 2750 905 2796 audiat,
940 2751 1089 2797 egregie
1121 2753 1178 2787 est
1209 2750 1420 2795 cavendum,
1451 2759 1499 2786 ne
1527 2750 1609 2797 ipsa
1632 2753 1810 2798 gravetur
