2052 3172
934 122 988 161 57

211 263 307 294 esse
336 255 519 306 censeat,
548 253 790 296 meminerit
818 256 925 309 legis
955 256 1117 311 Oppiae
1152 256 1361 299 luxuriem
1388 256 1614 300 mulierum
1644 269 1713 300 co-

210 318 409 374 hibentis,
441 333 550 376 quae
570 320 731 365 Catone
761 335 845 367 cos.
868 337 905 368 a.
939 324 1069 368 CLIX
1098 337 1182 368 non
1212 324 1303 369 sine
1320 338 1473 380 magno
1494 326 1711 370 stomacho

210 388 345 443 ipsius
372 391 556 433 consulis
576 392 905 436 contradicentis
935 393 1142 448 abrogata
1171 394 1240 447 sit,
1272 393 1322 436 cf.
1353 394 1442 437 Liv.
1474 394 1666 448 XXXIV,
1689 399 1707 436 1

212 471 316 513 sqq,
348 471 430 514 quo
461 472 555 503 cum
583 460 676 504 loco
706 461 743 504 si
763 461 930 517 Epidici
959 477 996 507 v.
1020 467 1102 507 229
1125 475 1215 518 sqq.
1232 462 1525 517 conferamus,
1556 464 1711 519 quibus

212 528 347 570 multa
376 529 578 583 variaque
606 530 829 573 mulierum
860 533 1115 576 vestimenta
1154 535 1296 575 certae
1325 533 1501 586 originis
1531 533 1710 575 Latinae

211 601 502 652 numerentur,
533 597 626 642 fieri
655 612 739 643 non
767 613 906 656 posse,
942 602 1044 656 quin
1073 601 1196 645 nobis
1225 601 1556 655 persuadeamus
1584 602 1710 645 Plau-

210 666 302 706 tum
316 664 539 718 Epidicum
568 667 687 710 brevi
706 671 806 722 post
821 668 993 713 Catonis
1023 671 1237 723 repulsam
1267 669 1475 713 docuisse.
1519 670 1710 713 Tertium

210 736 353 777 autem
381 733 546 789 profert
574 735 801 780 Naudetus
829 739 961 782 vestis
992 738 1212 783 cuiusdam
1248 750 1381 782 novae
1411 751 1708 783 commemora-

208 802 380 855 tionem,
427 804 706 854 ,Laconicum‘
737 807 985 861 appellatae,
1032 820 1139 862 quae
1175 807 1266 849 sinc
1307 806 1435 849 dubio
1477 820 1501 849 e
1529 808 1708 850 Flamini

209 869 400 914 victoriis
445 871 708 928 Nabidisque
752 875 870 918 clade
924 877 1129 930 originem
1180 876 1372 919 traxerit.
1417 901 1472 906 —
1516 876 1708 931 Denique

208 939 489 994 Ladewiyius
519 941 712 984 Naudeti
740 945 1008 998 scriptorum,
1044 957 1152 999 quae
1182 957 1234 988 ne
1268 957 1350 987 uno
1380 945 1550 998 quidem
1579 946 1707 988 verbo

209 1010 360 1064 tangit,
401 1009 625 1053 manifesto
666 1024 817 1066 expers
866 1014 1027 1057 eisdem
1065 1013 1155 1057 fere
1204 1013 1307 1057 locis
1346 1013 1515 1056 innixus
1553 1013 1709 1056 similia

209 1082 467 1121 commentus
497 1082 575 1122 est.
635 1080 693 1123 Et
732 1082 823 1136 ipse
864 1083 976 1125 enim
1015 1083 1058 1125 in
1089 1082 1392 1126 dissertatione
1418 1076 1704 1137 (Zimmerm.

208 1147 313 1190 diar.
355 1148 483 1202 antiq.
526 1149 637 1191 stud.
680 1163 706 1192 a
744 1153 850 1193 1841
896 1165 936 1205 p.
974 1155 1078 1194 1079
1111 1151 1220 1206 sqq.)
1272 1149 1469 1194 versibus
1510 1154 1708 1194 229—34

207 1216 430 1259 maximam
463 1217 548 1259 vim
581 1220 773 1262 tribuens
793 1220 1071 1274 Laconicique
1104 1221 1237 1263 vestis
1272 1220 1481 1273 originem
1510 1224 1558 1261 ut
1576 1219 1704 1261 Nau-

207 1284 329 1326 detus
364 1285 419 1328 ad
453 1286 591 1330 Nabin
632 1287 822 1332 referens
860 1292 1030 1346 poetam
1065 1301 1148 1331 non
1188 1288 1321 1331 multo
1361 1291 1463 1342 post
1502 1301 1539 1331 a.
1572 1289 1708 1331 DLIX

207 1353 430 1406 Epidicum
460 1357 699 1399 condidisse
741 1356 822 1399 sibi
852 1357 947 1399 ideo
977 1357 1218 1410 persuadet,
1260 1357 1360 1410 quia
1388 1356 1582 1399 versibus
1620 1358 1706 1399 illis

207 1421 378 1464 Catonis
408 1435 558 1466 severa
585 1425 696 1467 ratio
716 1425 944 1479 illudatur,
976 1426 1088 1480 quod
1116 1438 1199 1468 non
1228 1425 1311 1467 nisi
1340 1425 1466 1479 paulo
1494 1429 1595 1479 post
1614 1426 1706 1468 cius

207 1491 471 1535 consulatum
500 1494 763 1536 commodum
791 1494 932 1537 fuerit.

321 1561 400 1603 His
429 1561 562 1614 igitur
591 1564 854 1617 argumentis
876 1589 929 1595 —
950 1564 1233 1607 recentiorum
1261 1576 1383 1606 nemo
1406 1563 1564 1606 certius
1584 1564 1705 1617 quid-

206 1641 331 1682 quam
377 1631 543 1684 statuit,
600 1631 863 1687 Visserinyio
908 1633 1019 1675 enim
1067 1623 1358 1686 Ussinyioque'
1393 1632 1582 1685 exceptis
1633 1632 1702 1686 (cf.

205 1711 301 1752 pag.
321 1699 392 1752 56)
414 1702 489 1741 aut
508 1703 650 1742 tacent
668 1700 1053 1755 autLadewiyium
1072 1704 1308 1754 sequuntur
1328 1701 1445 1743 velut
1455 1700 1703 1754 Teuffelius‚

206 1767 276 1819 qui
306 1768 349 1808 in
381 1767 571 1819 ‚Studien
600 1769 687 1811 und
717 1769 1124 1811 Charakteristiken‘
1165 1782 1205 1822 p.
1229 1772 1311 1810 262
1342 1769 1563 1822 Epidicum
1594 1769 1706 1812 circa

206 1846 243 1876 a.
275 1835 389 1877 DLX
429 1836 595 1879 doctam
635 1849 730 1880 esse
774 1838 1004 1880 monstrari
1036 1851 1164 1892 posse
1203 1837 1385 1891 exhibet,
1433 1850 1613 1892 quocum
1652 1837 1703 1881 cf.

205 1903 394 1946 eiusdem
430 1905 635 1948 historiae
669 1906 829 1954 literar.
867 1907 1006 1948 Latin.
1046 1906 1110 1948 ed.
1142 1906 1201 1949 IV
1238 1906 1386 1960 (1881)
1422 1920 1461 1959 p.
1492 1911 1581 1948 149.
1625 1907 1706 1948 -De

213 1971 416 2026 Wayneri
450 1974 645 2028 opinione
681 1973 731 2017 cf.
764 1987 802 2029 q.
826 1987 859 2017 s.
894 1999 946 2005 —
983 1974 1035 2016 in
1070 1973 1246 2016 Catonis
1280 1987 1435 2016 aevum
1470 1974 1706 2017 identidem

203 2041 479 2095 revolvimur,
512 2043 601 2085 sive
630 2042 807 2085 facimus
838 2056 933 2085 cum
963 2042 1173 2096 NaudetO,
1214 2043 1287 2096 qui
1317 2047 1584 2096 sectatorem,
1617 2045 1706 2087 sive

204 2121 298 2151 cum
327 2109 593 2165 Ladewiyio,
632 2112 702 2165 qui
740 2111 959 2154 irrisorem
990 2111 1163 2154 Catonis
1199 2115 1369 2165 poetam
1403 2112 1488 2154 illis
1524 2112 1629 2154 locis
1659 2125 1705 2155 se

201 2177 439 2231 professum
478 2180 705 2233 contendit,
744 2181 833 2223 sive
863 2180 1044 2233 denique
1080 2180 1148 2222 vel
1177 2180 1221 2222 in
1250 2192 1301 2223 re
1329 2180 1529 2223 universa
1566 2181 1633 2223 vel
1660 2181 1704 2223 in

202 2246 381 2299 singulis
422 2247 617 2290 versibus
660 2249 935 2302 explanandis
976 2249 1230 2290 alterutrum
1276 2261 1371 2291 cum
1411 2249 1507 2292 aliis
1549 2250 1705 2291 similia

203 2313 489 2359 divinantibus
527 2317 761 2360 somniasse
797 2317 975 2360 dicimus
1022 2315 1089 2372 (cf.
1136 2315 1280 2359 Goetz.
1322 2317 1366 2360 in
1405 2317 1525 2360 Anal.
1563 2317 1701 2361 Plaut.

200 2396 240 2436 p.
269 2387 349 2425 114
378 2389 518 2439 annot.
546 2389 610 2438 14,
650 2386 847 2441 Wayner.
871 2386 924 2429 de
944 2386 1082 2428 Aulul.
1113 2399 1152 2439 p.
1180 2389 1229 2427 16
1261 2389 1481 2429 annot-33
1500 2390 1543 2429 et
1557 2400 1597 2440 p.
1616 2387 1700 2440 34).

199 2453 331 2507 quue
361 2453 647 2497 meritissimo.
708 2455 828 2498 Licet
864 2455 973 2497 enim
1003 2467 1041 2496 v.
1066 2457 1146 2496 229
1170 2466 1258 2507 sqq.
1298 2454 1578 2508 interpolatos
1609 2467 1704 2498 esse

199 2521 420 2577 fingamus,
440 2523 533 2565 iam
553 2523 898 2566 antecedentibus
917 2522 1144 2566 versieulis
1162 2524 1261 2564 222
1278 2522 1588 2579 imprimisque
1606 2525 1705 2566 226

198 2592 355 2635 nemini
376 2592 512 2635 adhuc
533 2593 743 2646 suspectis
763 2593 903 2647 palam
924 2592 973 2636 fit
1002 2593 1227 2636 mulierum
1254 2592 1447 2636 luxuriae
1477 2596 1568 2636 tum
1588 2594 1705 2636 nulla

200 2660 294 2715 lege
326 2664 497 2704 cautum
526 2661 670 2704 fuisse.
703 2687 754 2693 —
786 2662 917 2716 Atqui
946 2662 1091 2705 multis
1122 2661 1217 2704 aliis
1238 2660 1367 2704 rebus
1398 2674 1482 2705 non
1502 2663 1703 2714 minus53)

200 2742 326 2784 quam
356 2730 570 2772 Ritseleeli
599 2731 811 2795 sententia
847 2730 916 2786 (cf.
949 2733 1093 2774 annot.
1126 2729 1196 2784 52)
1228 2729 1489 2782 adducimur,
1529 2734 1578 2773 ut
1606 2744 1703 2785 pro-
