2052 3172
1013 146 1039 188 4

269 295 506 328 annuamus
536 296 613 328 nos
643 286 788 328 monet
817 284 1008 329 scribens
1059 285 1247 341 (parerg.
1285 297 1381 340 pag.
1426 286 1504 328 116
1537 283 1666 339 sqq.):
1707 284 1784 338 ,Ist

268 356 373 399 aber
402 355 590 409 dieser4)
621 355 699 398 der
729 353 832 397 sinn
863 354 939 396 der
969 354 1355 398 Varronianischen
1385 353 1667 407 Bemerkung‚
1706 354 1783 397 wie

270 438 318 468 er
347 438 393 468 es
422 426 467 467 in
498 424 576 468 der
604 424 846 478 Erwagung
876 423 983 466 aller
1012 424 1309 475 Verbaltnisse
1351 423 1441 467 sein
1472 435 1601 476 muss,
1647 435 1694 466 so
1724 423 1782 466 ist

272 493 571 548 begreiflicher
589 493 735 535 Weise
765 492 833 534 die
853 492 1132 546 Moglichkeit
1151 493 1269 536 nicht
1288 493 1651 547 ausgeschlossen,
1684 492 1784 548 dass

268 562 378 605 auch
408 562 477 604 die
506 551 870 615 Einstimmigkeit
899 560 1006 603 aller
1034 560 1289 615 Vorganger
1318 561 1560 615 triigerisch
1588 574 1687 614 war,
1718 561 1781 604 in-

268 631 365 673 dem
397 631 489 674 sich
506 664 657 673 ......
677 630 721 672 in
752 629 821 672 die
852 629 1146 672 sammtlichen
1168 630 1492 673 Verzeichnisse
1523 631 1622 685 (von
1644 629 1781 672 einem

269 703 415 743 ersten
437 699 625 743 Irrthum
646 699 735 752 her,
768 698 844 741 der
865 697 956 741 sich
977 697 1089 740 dann
1110 697 1413 754 unberechtigt
1433 697 1780 753 weiterpflanzte)

268 769 339 811 ein
369 769 475 812 oder
505 769 581 811 das
612 767 769 811 andere
792 767 924 810 Stiick
954 766 1296 820 eingeschlichen
1317 768 1448 821 hatte,
1480 767 1659 811 welches
1680 768 1781 810 den-

267 837 378 880 noch
418 837 534 880 nicht
564 850 647 879 von
676 837 855 879 Plautus
894 848 983 878 war
1000 869 1181 878 .......
1189 838 1198 857 ‘
1237 841 1280 879 et
1317 850 1425 891 quae
1455 850 1549 891 pag.
1597 841 1674 879 117
1716 849 1781 880 se-

268 909 475 960 quuntur:
513 918 682 960 ,unsere
711 905 884 959 heutige
905 905 1153 959 Forschung
1183 905 1296 949 kann
1326 906 1418 949 sich
1447 907 1537 950 also
1568 907 1610 949 in
1642 906 1783 950 dieser

266 975 513 1028 Beziehung
543 974 677 1017 durch
708 974 778 1016 die
807 974 1082 1016 varronische
1113 974 1258 1016 Kritik
1286 975 1405 1017 nicht
1433 974 1658 1018 behindert
1687 974 1780 1018 fah-

265 1043 363 1085 len.‘
421 1042 749 1086 Ponderandum
792 1042 936 1096 potius
973 1042 1069 1094 erit,
1113 1054 1253 1084 nonne
1290 1047 1542 1097 argumenta
1585 1056 1645 1086 ex‘
1674 1043 1781 1098 ipsis

267 1111 504 1154 visceribus
545 1110 715 1154 fabulae
762 1110 1062 1164 depromentes
1103 1110 1310 1154 Varronis
1357 1112 1513 1155 iudicio
1555 1112 1780 1154 certiorem

267 1178 393 1222 fidem
423 1179 582 1223 addere
613 1192 829 1234 queamus.
881 1179 999 1229 Quae
1030 1191 1160 1232 quum
1182 1179 1392 1233 imprimis
1413 1181 1456 1223 in
1477 1180 1781 1234 compositione
1835 1179 1842 1187 ’

266 1249 407 1302 posita
444 1249 544 1302 sint,
586 1247 781 1303 benigne,
832 1260 1102 1301 quaesumus,
1157 1248 1318 1291 iudicet
1364 1249 1615 1292 aestimator
1655 1249 1781 1292 huius

265 1317 399 1360 libelli
429 1316 554 1360 nobis
584 1321 683 1360 ante
714 1317 854 1360 omnia
883 1315 1071 1359 fabulam
1102 1315 1358 1360 adumbrare
1387 1311 1721 1363 instituentibus.

324 1420 357 1474 I,
371 1424 390 1463 1
416 1421 472 1475 (v.
490 1419 676 1474 1—103)
692 1419 896 1474 Epidicus
914 1432 1062 1463 servus
1074 1419 1381 1474 Thesprionem
1398 1433 1644 1464 conservum
1662 1421 1780 1464 Stra-

265 1489 549 1543 tippoclisque
579 1488 865 1531 adulescentis
887 1489 1147 1542 armigerum
1179 1488 1355 1531 offendit
1384 1489 1585 1543 illumque
1616 1502 1638 1531 e
1668 1488 1779 1532 bello

266 1556 424 1601 Thebis
446 1557 636 1600 Athenas
668 1557 899 1600 revertisse
929 1557 1135 1612 comperit
1166 1557 1376 1612 simulque
1397 1558 1573 1601 amicam
1602 1559 1781 1613 pecunia

266 1631 414 1669 mutuo
446 1630 617 1680 sumpta
647 1627 814 1678 emisse,
847 1627 960 1680 quod
989 1625 1248 1680 permoleste
1278 1626 1376 1680 fert,
1407 1627 1507 1680 quia
1528 1629 1683 1681 etipse
1703 1641 1781 1682 pro

257 1696 370 1740 hero
410 1694 588 1739 absente
629 1695 755 1738 aliam
796 1708 962 1738 servam
1003 1693 1057 1738 ab
1099 1708 1148 1738 eo
1180 1694 1303 1738 valde
1346 1694 1541 1738 dilectam
1585 1695 1782 1739 liberavit

266 1764 549 1818 Periphanem
590 1764 726 1817 ipsius
766 1764 1069 1820 Stratippoclis
1110 1767 1278 1817 patrem
1319 1768 1496 1817 argento
1538 1777 1780 1819 emungens,

265 1846 395 1887 quum
425 1845 503 1886 pro
522 1832 739 1875 Telestide
768 1831 856 1875 filia
887 1832 979 1876 eius
1011 1845 1033 1875 e
1056 1830 1293 1875 concubina
1313 1835 1415 1875 nata
1434 1845 1569 1886 neque
1598 1846 1780 1888 unquam

266 1902 405 1945 adhuc
435 1905 640 1956 spectata,
678 1905 779 1944 tunc
810 1905 953 1944 autem
993 1902 1077 1944 iam
1107 1901 1368 1956 aliquamdiu
1398 1914 1424 1943 a
1459 1914 1558 1944 sene
1588 1903 1782 1956 quaesita

266 1971 625 2025 Acropolistidem
655 1971 865 2025 quandam
887 1970 1101 2014 fidicinam
1123 1971 1238 2014 illius
1259 1973 1437 2025 argento
1457 1974 1650 2025 paratam
1682 1984 1781 2026 sup-

266 2040 423 2094 posuit.
486 2039 693 2093 Thesprio
724 2039 828 2092 abit,
871 2040 1075 2093 Epidicus
1117 2040 1260 2083 verbis
1301 2039 1575 2093 persequitur
1613 2040 1782 2082 calami-

266 2113 392 2163 tates,
430 2121 539 2163 quae
570 2122 593 2151 e
624 2109 925 2163 Stratippoclis
955 2109 1243 2152 inconstantia
1280 2109 1361 2151 sibi
1401 2108 1651 2151 metuendae
1682 2108 1779 2151 sint.

323 2212 356 2265 I,
371 2215 394 2255 2
428 2212 484 2267 (v.
508 2215 589 2254 104
599 2211 752 2266 --165)
784 2212 1048 2255 Adulescens
1068 2225 1162 2255 cum
1185 2209 1441 2255 Chaeribulo
1463 2209 1598 2255 soflali
1619 2210 1662 2252 in
1693 2223 1782 2253 sce-

265 2293 363 2323 nam
394 2280 539 2334 prodit
567 2293 762 2324 maerore
793 2280 1022 2335 confectus,
1061 2282 1175 2336 quod
1205 2281 1317 2323 unde
1357 2279 1578 2333 pecuniam
1607 2292 1685 2333 pro
1715 2292 1782 2322 re-

267 2350 379 2393 centi
409 2349 547 2392 amica
577 2350 822 2393 solvendam
852 2354 1022 2404 promat
1052 2351 1179 2405 plane
1209 2350 1401 2404 ignorat:
1438 2360 1535 2391 nam
1565 2361 1618 2391 ne
1647 2349 1782 2392 amico

267 2419 439 2473 quidem
468 2422 695 2473 argentum
733 2425 908 2473 praesto
940 2424 1018 2463 est.
1079 2419 1349 2463 Recordatus
1386 2421 1527 2460 autem
1564 2418 1708 2460 auxilii
1738 2418 1782 2460 in

266 2488 446 2542 Epidico
487 2491 586 2531 ante
628 2488 790 2531 inventi
831 2492 932 2532 tunc
981 2501 1149 2543 quoque
1190 2500 1287 2531 eum
1335 2486 1452 2529 adire
1493 2487 1658 2541 statuit,
1698 2500 1781 2542 quo
1829 2530 1831 2533 .

267 2557 414 2600 audito
445 2569 595 2599 servus
627 2555 681 2599 ab
712 2557 797 2599 illis
835 2558 973 2601 adhuc
1003 2558 1190 2601 nondum
1230 2558 1482 2609 conspectus
1518 2556 1710 2609 procedit
1739 2560 1783 2600 et

266 2628 365 2680 post
401 2625 723 2669 altercationem
759 2626 986 2669 admodum
1024 2638 1221 2680 asperam
1256 2625 1451 2667 iuvenem
1487 2624 1782 2679 desperantem

268 2707 314 2737 se
345 2697 616 2737 servaturum
648 2706 744 2737 esse
773 2687 1000 2748 promittit.
1064 2695 1175 2746 Quid
1206 2697 1349 2737 autem
1388 2693 1440 2735 de
1469 2693 1613 2746 priore
1642 2694 1784 2748 puella

266 2762 479 2817 agendum
509 2762 580 2816 sit,
612 2763 655 2805 in
685 2764 874 2807 transitu
904 2766 1272 2811 commemoratur.
