2052 3172
996 92 1045 132 19

267 230 416 274 Altera
444 242 496 273 ex
525 231 650 284 parte
679 228 722 271 si
750 227 966 285 Epidicus
1001 241 1123 270 senes
1163 231 1203 270 et
1235 228 1548 271 adulescentem
1571 228 1770 285 propm'is

265 298 362 341 suis
389 298 645 340 owminibus
675 311 819 339 eoram
843 298 996 353 puella
1024 297 1260 352 siqnifieat,
1291 310 1374 340 non
1396 302 1473 349 est,
1506 311 1581 340 cur
1600 302 1769 341 senten-

266 367 369 410 tiam
397 366 522 410 modo
543 367 793 420 explicatam
814 367 1064 410 abiciamus:
1096 366 1149 409 de
1178 379 1217 409 v.
1234 370 1317 410 504
1336 379 1424 421 sqq.
1457 379 1592 422 pauca
1612 367 1770 411 addere

265 435 407 478 liceat.
453 435 714 489 Quamquam
736 436 847 477 enim
868 436 930 478 ita
949 435 1198 489 Lanyrehri
1217 436 1490 489 sententiam)
1520 437 1769 489 praevalere

264 503 448 558 videtur,
479 516 555 547 nos
577 503 766 547 ordinem
788 507 935 548 tenere
964 516 1049 548 non
1069 502 1332 547 dubitamus:
1363 504 1457 547 Non
1483 504 1769 559 imprudentia

265 576 394 627 atquc
440 573 717 626 ingenuitate,
763 574 956 627 quamvis
1001 577 1276 627 quaerentem
1320 574 1498 624 noverit,
1545 575 1770 622 commissa

265 647 431 686 secreta
459 642 600 686 fundit
618 642 798 695 fidicina,
831 643 905 687 sed
936 642 1045 687 bono
1077 642 1265 687 consilio.
1316 641 1424 685 Nam
1455 642 1537 686 etsi
1565 643 1769 699 Epidicus

266 711 319 754 de
350 711 662 767 Acropolistide
691 712 796 755 nihil
826 725 919 755 eam
950 712 1143 755 docuerit
1173 710 1242 766 (cf.
1262 723 1294 753 s.
1312 722 1353 766 p.
1377 711 1460 764 18),
1492 715 1633 754 tamen
1650 712 1769 755 Stra-

265 782 463 836 tippoclis
494 783 706 825 mentione
737 783 877 837 puella
906 783 998 825 eius
1027 781 1323 825 recordabitur
1353 781 1408 835 (v.
1429 780 1529 835 508)
1561 782 1768 836 simulque

267 853 423 896 sentiet
432 852 745 896 adulescentem
755 851 915 895 recenti
927 862 1070 894 amore
1083 853 1253 904 captum
1264 849 1449 903 priorem
1465 849 1549 892 iam
1566 862 1618 892 ex
1628 851 1768 893 animo

267 922 454 964 eiecisse.
506 922 722 963 Facillime
754 934 816 973 eo,
847 924 896 962 ut
926 920 1197 969 arbitramur,
1229 917 1321 959 fieri
1351 919 1503 971 potuit,
1535 922 1584 961 ut
1601 918 1770 962 fidicina

267 991 304 1032 si
333 1003 415 1032 non
448 990 671 1044 extemplo,
709 994 849 1032 tamen
880 991 980 1043 post
1014 986 1205 1029 fraudem
1237 986 1445 1029 detectam
1476 989 1531 1041 (v.
1555 990 1637 1030 475
1659 989 1768 1041 sqq.)

266 1062 476 1101 statueret
506 1071 598 1101 cum
621 1057 877 1101 inconstanti
896 1056 982 1098 filio
1005 1067 1211 1108 servoque
1230 1053 1498 1112 fraudulento
1520 1056 1768 1098 societatem

267 1128 467 1169 dirimere
496 1141 572 1170 nec
602 1128 830 1181 quidquam
870 1126 1021 1176 celare,
1062 1124 1317 1178 praesertim
1354 1136 1482 1177 quum
1522 1137 1573 1166 ex
1613 1138 1651 1167 v.
1685 1129 1768 1168 504

266 1196 439 1250 colligas
468 1195 822 1251 Acropolistidem
852 1193 1047 1236 fidicinae
1077 1191 1264 1234 amicitia
1293 1192 1474 1245 quadam
1504 1193 1768 1236 coniunctam

266 1264 410 1308 fuisse.
472 1266 591 1316 Quod
628 1269 770 1307 autem
807 1263 1086 1317 Periphanem
1123 1264 1338 1313 tamquam
1373 1261 1573 1314 ignorans
1610 1274 1769 1306 sermo-

266 1334 445 1389 cinatur,
475 1334 581 1378 nihil
611 1334 727 1377 aliud
756 1334 817 1377 ita
845 1331 1054 1388 providet,
1091 1341 1216 1383 quam
1246 1333 1295 1372 ut
1324 1341 1490 1373 omnem
1519 1342 1662 1373 rerum
1693 1343 1767 1374 no—

265 1404 404 1447 titiam
440 1404 713 1447 dissimulans
747 1404 817 1446 vel
852 1403 1025 1445 minima
1061 1399 1279 1442 societatis
1316 1400 1457 1454 specie
1494 1400 1690 1444 elabatur
1725 1405 1768 1444 et

264 1474 444 1517 molesta
475 1474 721 1528 quaestione
757 1485 883 1527 quam
919 1472 1102 1527 primum
1137 1468 1257 1511 finita
1293 1467 1559 1523 naufragium
1597 1482 1620 1512 e
1651 1476 1769 1516 terra

265 1546 441 1597 spectet.
475 1567 527 1573 —
1515 1547 1517 1549 “

378 1612 435 1654 At
464 1610 837 1665 quomodocunque
872 1622 941 1652 res
979 1622 1025 1652 se
1055 1609 1195 1663 habet,
1227 1612 1271 1654 id
1309 1612 1477 1666 quidem
1516 1611 1638 1657 nobis
1675 1613 1766 1656 erui

265 1693 354 1726 non¹
379 1684 523 1735 potest
562 1692 643 1722 non
687 1691 780 1721 esse
817 1679 1142 1723 commodiorem
1173 1681 1393 1733 rationem,
1436 1693 1520 1736 qua
1548 1685 1675 1735 poeta
1704 1694 1770 1724 se-

264 1750 443 1794 cundam
472 1748 663 1792 fraudem
694 1748 736 1790 in
766 1748 901 1790 lucem
931 1747 1132 1803 proferat.
1193 1749 1273 1801 Qui
1304 1762 1432 1806 quum
1471 1748 1524 1792 ab
1555 1750 1689 1803 initio,
1730 1750 1767 1793 si

264 1819 366 1875 quid
395 1818 598 1869 videmus,
629 1820 858 1871 utrumque
888 1818 1000 1859 servi
1021 1818 1162 1860 dolum
1194 1822 1421 1872 aperturus
1442 1819 1511 1872 sit,
1542 1820 1766 1873 quomodo,

263 1900 529 1945 quaesumus,
552 1885 786 1940 elegantius
802 1889 928 1940 atque
943 1886 1121 1931 facetius
1137 1899 1227 1930 rem
1243 1888 1440 1931 instituat
1455 1900 1583 1944 qnam
1598 1901 1765 1944 curans,

264 1961 311 1998 ut
340 1956 411 1998 ille
440 1956 658 2009 praeclare
693 1955 746 1997 de
774 1954 945 1997 fidicina
973 1956 1164 1998 fraudem
1201 1956 1352 1998 edocta
1371 1969 1547 2010 sperans
1588 1958 1642 2000 ab
1673 1959 1768 2012 ipsa

263 2025 386 2067 docte
401 2023 599 2068 fallatur?
620 2023 786 2075 Quanto
803 2024 941 2067 minus
957 2037 1057 2068 vero
1073 2025 1214 2080 lepida
1229 2025 1429 2069 evaderet
1443 2024 1600 2080 fabula,
1623 2027 1764 2070 sicum

263 2093 532 2148 Lanyrehrio
570 2093 613 2148 (l.
648 2105 682 2135 s.
715 2105 747 2135 S.
779 2106 819 2147 p.
859 2094 924 2146 13)
961 2092 1172 2136 fidicinam
1209 2093 1371 2136 fraudis
1409 2095 1600 2148 ignaram
1637 2097 1766 2139 aesti-

262 2164 490 2206 maremus!
522 2188 580 2193 —
608 2162 810 2205 Fortasse
830 2174 932 2205 sane
962 2163 1114 2217 aliquis
1134 2163 1335 2217 postulet,
1368 2167 1416 2206 ut
1444 2162 1638 2208 fidicinae
1668 2178 1765 2208 con-

262 2232 346 2274 silii
377 2232 558 2274 animive
588 2231 808 2274 conversio
839 2232 1029 2287 quolibet
1057 2232 1148 2274 loco
1179 2231 1404 2274 manifesto
1435 2237 1657 2287 appareat3
1691 2236 1765 2277 sed

262 2299 383 2344 nobis
424 2299 597 2344 dubium
637 2312 719 2342 non
760 2303 838 2353 est,
871 2300 971 2355 quin
1012 2303 1253 2355 spectantes
1285 2301 1477 2356 quamvis
1517 2314 1601 2345 non
1642 2303 1765 2357 plane

261 2370 412 2413 moniti
443 2374 634 2412 tenorem
669 2381 811 2412 rerum
844 2369 950 2411 satis
987 2369 1294 2423 perspexerint,
1333 2370 1370 2411 si
1407 2370 1575 2423 quidem
1612 2372 1765 2415 histrio

261 2439 456 2482 fidicinae
485 2451 710 2494 personam
741 2439 784 2481 in
815 2450 983 2481 servum
1003 2438 1174 2481 dolosae
1203 2441 1279 2480 aut
1309 2437 1460 2481 saltem
1491 2444 1641 2483 cautae
1672 2454 1766 2485 cum

262 2512 355 2551 arte
385 2509 597 2551 tuebatur.
610 2507 664 2561 2⁰)
