2052 3172
975 142 1025 182 61

249 278 383 320 poetae
408 275 552 311 fabulas
576 274 748 319 antiquas
773 273 876 310 vario
901 274 1021 310 Marte
1044 278 1231 319 tamquam
1254 274 1293 311 in
1316 286 1428 311 novas
1454 279 1676 312 commutare
1701 277 1753 313 in-

250 332 461 377 stituerunt,
485 332 549 368 sed
572 332 617 367 de
642 331 835 367 comoediis
860 330 1067 367 accuratius
1087 335 1284 368 metrorum
1304 333 1489 370 varietate
1509 337 1657 370 servata
1675 334 1753 370 sive

249 391 371 427 soluta
394 388 557 425 oratione
587 389 705 435 magis
737 389 895 425 fortasse
927 389 1118 434 perspicue
1150 390 1361 426 translatis:
1398 402 1468 436 quo
1501 395 1626 427 autem
1649 393 1754 427 modo

249 458 307 483 res
332 447 429 483 effici
452 449 586 492 posset,
610 445 683 482 iam
696 446 786 482 satis
811 445 1036 492 cogitatione
1059 446 1289 492 finxeramus,
1321 458 1431 493 quum
1455 458 1500 484 ex
1522 448 1615 484 libro
1646 449 1753 494 ‚Phi1.

247 503 561 542 Wochenschrift‘
600 503 655 540 ed.
679 503 928 550 Hirschfelder
968 503 1058 540 1883
1100 516 1186 551 pag.
1222 505 1291 541 412
1333 507 1567 552 comperimus
1611 507 1752 554 Anglos

247 562 419 599 eiusmodi
443 562 538 597 ludis
563 561 716 597 scenicis
739 561 877 607 priscas
901 560 985 596 illas
1008 561 1160 597 Terenti
1183 562 1381 608 Plautique
1406 564 1609 600 comoedias
1634 575 1752 611 nuper

246 621 374 657 docere
398 619 559 665 coepisse
581 630 655 655 non
685 618 760 655 alia
773 628 776 631 ⁴
789 617 932 654 ratione
956 618 1095 663 duct08,
1128 617 1237 664 qu'am
1268 631 1342 665 qua
1365 620 1453 656 mihi
1481 631 1541 657 res
1573 622 1751 658 arriserat

249 678 378 723 (,Auch
401 676 611 722 praktische
634 676 786 722 Erfolge
809 676 931 712 lassen
955 676 1031 711 sich
1055 676 1296 712 nachweisen.
1343 677 1413 713 Die
1437 678 1656 715 Direktoren
1680 691 1751 716 von

246 736 344 772 Bath
373 735 446 771 und
477 733 727 780 Birmingham
755 733 876 769 finden
905 732 1074 778 namlich,
1110 734 1192 769 dass
1226 733 1304 769 ihre
1334 734 1486 771 Schiiler
1523 736 1633 772 durch
1663 737 1750 782 jene

247 792 534 837 Auffiihrungen.
549 791 655 827 einen
677 790 937 836 lebendigeren
960 791 1034 826 und
1057 791 1228 826 klareren
1247 792 1393 837 Begriff
1413 803 1484 828 von
1496 793 1653 838 Sprache
1678 795 1750 830 und

245 850 369 886 Leben
392 849 465 885 und
487 849 639 885 Denken
664 848 728 884 der
749 848 881 884 Romer
904 848 1094 885 erhalten.‘
1142 848 1187 885 F.
1214 848 1423 896 Haverfield
1443 849 1467 886 1.
1492 861 1520 886 s.
1544 851 1598 895 s.).

336 954 372 998 8)
398 951 613 988 Rectissime
627 951 873 988 Reinhardtus
886 951 925 987 in
937 952 1173 988 Studemundi
1197 952 1292 988 stud.
1317 952 1388 988 vol.
1402 953 1421 988 I
1444 964 1478 998 p.
1492 953 1559 990 107
1583 955 1752 1000 exposuit

247 1021 351 1046 senes
374 1021 445 1046 uon
457 1010 648 1055 Epidicum
671 1012 815 1045 tantum
839 1008 1075 1054 quaesivisse,
1100 1009 1163 1044 sed
1189 1009 1301 1045 etiam
1325 1009 1438 1046 filiam
1464 1013 1510 1054 (v,
1523 1011 1618 1056 602),
1643 1023 1751 1057 quam

247 1067 401 1103 Athenis
415 1067 554 1103 versari
575 1066 811 1102 audiverant:
837 1065 924 1111 quid
942 1067 1086 1111 patrem
1099 1065 1286 1111 antiquius
1299 1067 1432 1102 habere
1444 1067 1618 1113 potuisse,
1642 1080 1750 1114 quam

245 1130 289 1161 ut
311 1126 405 1162 hanc
428 1124 632 1162 inveniret?
682 1124 783 1169 Quod
807 1128 930 1160 autem
956 1124 1101 1170 saepius
1127 1124 1225 1160 servi
1255 1135 1363 1170 quam
1387 1125 1485 1162 filiae
1510 1127 1646 1163 mentio
1670 1127 1749 1173 fiat,

246 1183 283 1219 id
314 1182 447 1219 comico
478 1182 564 1218 stilo
593 1181 825 1218 tribuendum
857 1192 947 1227 esse,
980 1181 1038 1218 cui
1069 1192 1180 1218 senex
1209 1192 1314 1219 servo
1343 1182 1459 1219 iratus
1490 1185 1609 1232 magis
1642 1196 1751 1231 quam

245 1245 352 1287 pater
374 1241 486 1277 ffliam
510 1240 718 1277 desiderans
742 1240 962 1277 convenerit.

336 1346 371 1390 9)
399 1344 444 1380 cf.
463 1344 644 1391 Ladeway.
669 1344 846 1380 inDiurn.
862 1347 937 1380 ant.
951 1344 1047 1380 stud.
1072 1355 1104 1380 a.
1117 1344 1207 1381 1841
1232 1356 1267 1390 p.
1280 1345 1371 1382 1079
1383 1356 1473 1390 sqq.,
1498 1345 1543 1381 R.
1555 1345 1751 1381 Mallemm

247 1402 286 1438 in
310 1401 568 1437 dissertatione
599 1401 665 1447 ,De
695 1400 821 1437 Plauti
850 1401 970 1447 Epid.‘
1007 1413 1041 1447 p.
1066 1402 1122 1447 13,
1161 1402 1348 1439 Goetzium
1385 1402 1423 1438 in
1446 1403 1529 1438 Act.
1553 1412 1625 1438 soc.
1650 1401 1751 1448 Lips.

246 1460 300 1496 VI
322 1470 357 1505 p.
381 1459 460 1495 287.

337 1562 394 1606 10)
419 1561 500 1597 Non
522 1561 668 1597 silentio
693 1562 997 1607 praetereundum
1022 1565 1079 1598 est
1103 1561 1179 1598 alia
1203 1572 1346 1608 quoque
1368 1562 1652 1599 ratiocinatione
1676 1573 1751 1598 rem

246 1620 410 1667 expediri
432 1630 549 1666 posse.
598 1620 716 1665 Quum
740 1620 834 1657 enim
856 1624 985 1666 postea
1008 1632 1043 1657 v.
1067 1620 1135 1656 431
1160 1632 1238 1666 sqq.
1268 1620 1372 1657 miles
1395 1631 1435 1656 re
1458 1631 1548 1657 vera
1572 1621 1617 1657 de
1640 1624 1751 1660 Acro-

245 1678 416 1725 polistide
442 1678 592 1714 emenda
615 1678 801 1723 adventet,
828 1678 915 1723 quid
927 1677 1161 1715 verisimilius
1186 1689 1294 1723 quam
1305 1678 1498 1724 Epidicum
1522 1680 1751 1716 adulescenti

245 1737 376 1781 omnia,
402 1746 495 1781 quae
521 1736 565 1771 de
589 1735 707 1771 milite
733 1741 917 1781 comperta
948 1736 1095 1782 habeat,
1120 1735 1259 1772 sincere
1285 1736 1418 1782 eloqui,
1451 1740 1578 1773 contra
1607 1739 1686 1774 seni
1709 1742 1752 1774 ut

245 1794 448 1840 generatim
472 1794 516 1829 de
540 1793 762 1828 mulierculis
788 1797 827 1828 et
849 1793 966 1829 milite
992 1796 1039 1838 (v.
1050 1794 1146 1838 301),
1172 1794 1227 1829 ita
1252 1794 1297 1829 de
1316 1794 1439 1839 pau-ia
1458 1794 1535 1830 eius
1554 1795 1750 1841 imponere,

244 1850 460 1897 praesertim
483 1861 593 1895 quum
617 1853 821 1885 ceterarum
844 1860 986 1895 quoque
1012 1850 1276 1886 comoediarum
1306 1851 1403 1886 servi
1426 1861 1552 1896 parem
1582 1851 1688 1887 fidem
1713 1852 1751 1887 in

243 1908 350 1943 heros
374 1907 639 1952 adulescente-s,
663 1908 701 1943 in
725 1917 829 1942 senes
855 1907 1008 1942 eandem
1031 1907 1344 1951 vaniloquentiam
1367 1908 1582 1952 proferant?
1614 1908 1749 1953 Utique

244 1965 344 2000 locus
358 1974 477 2009 neque
491 1964 820 2009 contaminationis,
845 1973 962 2008 neque
975 1963 1249 1999 retractationis
1263 1963 1434 2000 subsidiis
1447 1967 1546 2011 eget.
1580 1964 1750 2001 Ceterum

244 2022 318 2058 iam
341 2022 387 2058 R.
412 2022 592 2058 Mallem
614 2023 638 2058 l.
652 2033 681 2058 s.
695 2033 723 2057 s.
747 2021 856 2057 simili
879 2021 984 2056 modo
1008 2021 1053 2055 de
1078 2021 1156 2056 loco
1180 2021 1370 2066 disseruit3
1395 2032 1489 2066 quae
1500 2022 1751 2068 Lanqrehrius
1796 2052 1799 2053 γ

244 2078 396 2115 Miscell.
420 2079 508 2125 phil.
521 2079 688 2126 Gotting.
701 2091 736 2125 p.
749 2078 793 2115 17
818 2078 999 2123 observat,
1024 2082 1149 2114 nostra
1175 2077 1213 2114 in
1236 2088 1275 2113 re
1299 2078 1435 2115 nullius
1460 2079 1633 2115 momenti
1651 2083 1748 2116 sunt.

336 2195 394 2239 11)
420 2194 566 2240 Epidici
589 2194 686 2230 dicto
712 2195 759 2239 (v.
772 2194 839 2231 181
858 2194 949 2239 sqq.)
976 2203 1101 2230 senum
1124 2202 1323 2230 sermonem
1347 2192 1572 2240 interrumpi,
1597 2204 1670 2230 non
1694 2195 1749 2231 ita

245 2252 461 2295 continuari,
485 2255 528 2288 ut
550 2255 760 2298 spectantes
783 2252 875 2288 nihil
906 2251 1068 2294 audiant,
1100 2251 1172 2286 iam
1204 2251 1249 2287 R.
1275 2251 1465 2295 Maulerus,
1500 2252 1750 2298 Lanyrehrius

244 2312 373 2355 postea
396 2320 461 2345 suo
485 2309 563 2344 iure
587 2309 679 2345 satis
704 2309 1038 2354 comprobaverunt,
1063 2318 1131 2344 nec
1150 2317 1279 2344 vereor
1302 2317 1348 2343 ne
1372 2307 1431 2342 hic
1455 2308 1623 2344 lacunam
1647 2309 1749 2345 illam

243 2378 279 2413 p.
294 2378 328 2403 v.
341 2367 411 2403 189
435 2366 668 2404 manifestam
692 2367 805 2404 etiam
827 2378 923 2403 nunc
946 2366 1149 2403 addubitet.
1197 2366 1297 2410 Quae
1323 2369 1446 2401 autem
1468 2366 1517 2402 K.
1531 2367 1750 2403 HWeisius

244 2425 268 2461 1.
292 2435 321 2460 s.
345 2435 374 2460 s.
397 2435 433 2470 p.
457 2423 523 2460 181
550 2428 685 2470 censet,
721 2424 913 2471 Epidicum
937 2425 1061 2470 inepte
1085 2423 1186 2470 prius
1211 2426 1258 2469 ‚st
1281 2425 1327 2459 st‘
1364 2423 1485 2459 dicere
1510 2434 1620 2471 quam
1643 2435 1749 2460 senes

245 2481 485 2527 conspexerit,
511 2492 575 2518 nos
600 2483 747 2528 quidem
770 2482 881 2528 fugit,
908 2493 972 2518 cur
995 2481 1111 2517 minus
1135 2481 1208 2517 iam
1232 2484 1343 2517 antea
1365 2481 1557 2517 iuvenibus
1581 2482 1748 2525 suadeat,

243 2542 288 2575 ut
311 2538 460 2575 silentio
484 2548 591 2576 senes
616 2540 761 2586 fallant,
787 2540 884 2585 quod
907 2543 996 2576 tunc
1020 2538 1165 2584 quidem
1188 2537 1415 2583 potissimum
1439 2540 1507 2573 est.

335 2641 392 2687 12)
419 2642 643 2686 Quamquam
678 2653 759 2678 cum
787 2643 952 2688 Haepero
984 2642 1152 2678 Goetzius
1193 2641 1237 2676 de
1267 2652 1302 2677 v.
1326 2640 1394 2677 179
1425 2640 1584 2687 dubitat,
1625 2645 1749 2678 tamen

244 2700 346 2736 illum
370 2698 475 2745 sequi
499 2709 634 2745 anceps
657 2698 708 2735 sit
729 2702 850 2736 totum
861 2709 1006 2736 versum
1019 2698 1200 2735 delentem
1218 2708 1283 2743 pro
1303 2697 1427 2744 spurio
1447 2701 1561 2743 atque
1581 2699 1750 2736 lacunam

243 2760 486 2794 statuentem:
515 2757 604 2801 quid
633 2757 735 2801 enim.
761 2756 886 2802 aptius
914 2756 978 2792 illo
1001 2756 1081 2792 loco
1104 2755 1190 2801 poni
1218 2755 1334 2800 possit
1357 2766 1423 2792 nos
1453 2766 1526 2792 non
1555 2756 1682 2793 videre
1706 2758 1749 2793 li·
