2052 3172
1005 153 1072 199 34'

393 292 533 352 Atque
563 291 778 350 imprimis
800 306 975 338 monere
995 295 1174 340 velimus
1204 309 1241 339 v.
1265 299 1347 339 225
1370 307 1458 350 sqq.
1490 305 1634 337 omnes
1653 288 1786 342 libros

277 391 334 398 —-
354 365 444 409 cod.
466 365 503 407 E
534 367 710 418 excepto
739 364 813 417 ita,
845 367 893 406 ut
912 363 1166 417 Periphanis
1195 368 1298 408 nota
1319 364 1441 407 initio
1460 374 1610 406 versus
1630 360 1788 404 omissa

276 435 415 479 medio
444 438 588 478 tamen
617 434 782 477 inserta
810 432 880 487 sit,
912 431 963 476 cf.
1004 432 1149 475 Goetz.
1183 433 1249 477 ed.
1272 433 1393 477 Curc.
1426 431 1559 487 praef.
1590 444 1629 486 p.
1647 428 1708 473 x1
1731 453 1788 459 —-

276 503 505 557 Periphani
535 502 657 545 dare:
689 497 816 556 quam
844 513 1126 555 personarum
1157 501 1480 555 dispositionem
1509 501 1574 543 ita
1601 499 1787 542 retinen-

277 573 374 615 dam
414 583 511 616 esse
550 574 764 625 putamus,
807 574 856 613 ut
895 570 987 614 cod.
1021 568 1166 617 Ambr.
1198 570 1456 613 auctoritate
1494 569 1640 622 innixi,
1680 577 1788 622 quae

275 652 375 683 mss.
406 640 434 683 J
443 640 520 682 FZ
550 639 634 682 fide
663 638 870 692 firmatur,
901 641 1039 681 totum
1067 638 1207 680 locum
1238 637 1492 681 scribamus:

277 755 410 811 Epid.
445 765 512 830 (2⁸⁵⁶
536 768 786 801 monstruosae
810 765 925 800 vestis
949 764 1109 810 speciem
1131 764 1260 799 miram
1284 763 1421 800 ironice
1445 764 1651 808 alludens):

448 835 744 889 Inpluviatam,
775 838 825 878 ut
854 835 962 878 istae
992 833 1154 878 faciunt
1183 833 1447 877 vestimentis
1477 834 1658 877 nomina.
1708 873 1712 876 .

278 916 456 971 Periph.
491 892 609 970 I'Jt(i)
640 915 876 968 inpluvium
906 915 1056 958 induta
1086 914 1228 968 fuerit,
1266 914 1385 968 quida
1400 914 1512 957 istuc
1541 919 1629 957 tam
1658 911 1785 957 mira-

1139 983 1166 1024 'l

453 1050 585 1103 Quasi
614 1064 699 1094 non
727 1050 871 1094 fundis
901 982 1320 1095 ἑκοωαωξιῐῖιῗὶῖαθ
1349 1050 1547 1094 incedant
1575 1051 1655 1106 per
1683 1051 1787 1094 vias.

217 1147 222 1151 ·
279 1132 411 1188 Epist.
445 1132 528 1174 Ein
568 1131 788 1186 Hoflcleid,
832 1132 910 1174 wic
951 1132 1042 1175 dies
1083 1132 1186 1174 tolle
1220 1131 1332 1175 Volk
1373 1131 1449 1174 der
1486 1143 1623 1174 neuen
1662 1131 1790 1174 Mode

1102 1200 1267 1244 Namen
1297 1199 1460 1245 schafft.

280 1272 457 1327 Pem‘ph.
491 1270 589 1315 Und
619 1273 720 1324 trug
749 1270 813 1313 sie
833 1270 967 1313 selbst
997 1270 1092 1313 'nen
1123 1283 1285 1325 ganzen
1306 1269 1409 1325 Hof,
1440 1282 1526 1313 wer
1543 1269 1669 1314 sande
1699 1271 1790 1314 dies

1103 1351 1150 1382 so
1182 1339 1442 1382 sonderbar‘?

452 1408 573 1451 Sieht
601 1420 698 1450 man
740 1407 802 1450 sie
833 1406 940 1450 doch
981 1407 1059 1450 mit
1097 1407 1267 1449 Gibtern
1295 1403 1433 1462 glesch
1473 1406 1709 1451 beschwert
1737 1421 1790 1450 zu

1108 1476 1226 1520 Hauf
1252 1477 1320 1520 die
1350 1476 1476 1520 Stadt
1505 1476 1788 1520 durchzieh'n.

396 1604 485 1646 Iam
515 1602 628 1657 quod
657 1614 803 1646 omnes
832 1601 932 1645 libri
970 1615 1008 1644 v.
1033 1605 1115 1645 229
1137 1614 1228 1655 sqq.
1266 1602 1495 1656 Periphani
1531 1605 1789 1657 continuant,

278 1676 533 1716 erraverunt
563 1682 721 1722 omnes,
751 1674 801 1713 ut
830 1671 1066 1724 opinamur,
1097 1670 1170 1724 qui
1200 1682 1404 1723 personas
1434 1675 1600 1714 mutare
1630 1673 1789 1716 volunt.

279 1741 401 1784 Licet
430 1739 543 1782 enim
572 1737 774 1782 subtilius
814 1738 1053 1793 Waynerus
1082 1739 1109 1780 l.
1132 1750 1165 1780 s.
1188 1750 1221 1780 s.
1259 1751 1302 1791 p.
1326 1741 1378 1781 33
1410 1738 1662 1783 iudicaverit
1690 1742 1791 1795 Epi-

279 1809 422 1852 dicum
450 1808 792 1861 importunarum
820 1819 1001 1850 uxorum
1038 1807 1438 1850 commemoratione
1473 1812 1646 1861 praeter
1676 1810 1791 1851 calli-

280 1879 459 1922 ditatem
486 1876 739 1930 Periphanis
778 1876 963 1919 animum
992 1888 1319 1930 praeoccupare,
1356 1889 1485 1931 quum
1523 1873 1616 1931 ipse
1642 1883 1792 1932 postea

283 1945 563 2000 Stratippocli
593 1957 769 1988 uxorem
799 1943 1093 1987 arbitrandam
1123 1948 1296 1987 censeat
1325 1969 1378 1975 ——-
1410 1957 1508 1987 nam
1537 1957 1681 2000 neque.
1703 1959 1791 1989 ma-

278 2020 429 2058 tronas
458 2015 665 2067 imprimis
694 2014 949 2068 perstringit
975 2026 1138 2067 servus,
1168 2027 1317 2068 neque,
1350 2015 1387 2057 si
1407 2015 1470 2057 ita
1491 2020 1618 2069 esset,
1649 2016 1792 2069 inepte

277 2094 424 2127 senem
467 2085 819 2136 praeoccuparet,
867 2081 1211 2136 quandoquidem
1255 2085 1299 2125 et
1342 2082 1595 2137 Periphanis
1639 2083 1793 2127 horror

280 2152 507 2195 mulierum
546 2150 615 2205 (cf.
646 2164 686 2194 v.
713 2155 793 2193 174
813 2150 925 2205 sqq.)
964 2151 1290 2205 haudquaquam
1332 2163 1458 2194 servo
1489 2152 1680 2206 ignotum
1709 2152 1793 2194 iam

282 2224 383 2263 ante
428 2219 690 2273 apparuerit,
745 2223 790 2261 et
833 2219 1056 2262 consilium
1097 2219 1243 2262 uxoris
1286 2218 1375 2262 filio
1421 2220 1695 2263 arbitrandae
1740 2219 1792 2262 ab

280 2287 496 2343 Apoecide
515 2287 636 2341 prius
656 2291 1029 2330 commemoratum
1047 2288 1107 2330 sit
1127 2287 1197 2343 (cf.
1219 2300 1257 2330 v.
1283 2288 1393 2342 190),
1425 2289 1487 2331 ita
1505 2292 1554 2331 ut
1572 2287 1793 2331 muliebris

280 2357 420 2400 cultus
450 2355 725 2410 reprehensio
766 2356 916 2398 animo
958 2356 1071 2400 senis
1113 2357 1379 2411 conveniens,
1421 2357 1642 2401 consilium
1682 2358 1794 2401 servi

280 2424 563 2482 (nuptiarum)
602 2438 624 2466 e
652 2425 898 2468 necessitate
940 2425 1179 2480 profectum
1220 2429 1266 2469 et
1303 2425 1398 2469 ideo
1438 2426 1528 2470 seni
1567 2424 1794 2481 probatum

279 2494 396 2538 nullo
425 2493 552 2537 modo
584 2493 699 2537 inter
719 2506 765 2537 se
785 2494 1041 2549 discrepent,
1060 2520 1113 2526 —-
1134 2499 1277 2538 tamen
1298 2496 1511 2538 cavillatio
1533 2496 1607 2538 illa
1626 2507 1795 2539 servum

279 2565 420 2607 minus
450 2576 579 2618 quam
618 2575 763 2607 senem
793 2564 926 2607 decet.
988 2564 1049 2608 Ut
1078 2565 1190 2608 enim
1228 2565 1476 2608 meretrices
1516 2567 1682 2608 tantum
1721 2566 1794 2609 illo

280 2633 375 2676 loco
403 2634 651 2687 tangantur,
682 2632 726 2674 in
751 2632 979 2686 propatulo
1002 2637 1069 2676 est
1097 2633 1382 2687 Periphanem
1401 2636 1569 2686 patrem
1588 2633 1797 2677 luxuriem

280 2714 429 2745 earum
458 2700 636 2744 tributis
666 2701 866 2743 iuvenum
895 2701 1026 2743 altam
1056 2703 1111 2757 (v.
1136 2701 1237 2758 227)
1279 2702 1455 2744 meliore
1491 2701 1584 2744 iure
1618 2702 1796 2745 moleste

281 2769 396 2814 ferre
427 2773 555 2824 atque
585 2782 762 2824 carpere
791 2781 919 2823 quam
948 2769 1190 2824 Epidicum3
1221 2773 1271 2813 ut
1300 2773 1444 2813 autem
1474 2781 1558 2812 una
1576 2773 1796 2815 matronae
