2052 3172
1010 137 1066 178 68

280 282 504 309 accusemus.
552 271 648 317 Quid
673 270 793 308 enim?
830 270 869 308 Si
893 271 952 309 cui
975 273 1077 308 recte
1102 271 1292 309 monuisse
1309 273 1480 310 videntur
1503 271 1576 316 illi,
1595 271 1659 318 qui
1683 283 1793 318 quum

281 329 463 375 duplicem
484 328 588 365 illam
610 328 756 375 Epidici
780 328 1034 373 quaestionem
1057 340 1092 365 v.
1105 329 1128 365 9
1141 332 1181 365 et
1194 329 1240 366 17
1263 334 1342 367 tum
1361 329 1597 376 Thesprionis
1620 340 1794 375 respousa

279 386 427 422 diversa
450 385 651 431 offendunt,
687 385 776 430 quid
806 385 925 432 magis
956 385 1008 422 sit
1037 389 1334 431 cousentaneum,
1370 395 1480 432 quam
1503 386 1657 422 alteram
1680 385 1793 422 inter·

278 442 510 489 rogationem
516 441 735 487 Thesprioni
746 441 922 489 tribuere,
935 442 1188 479 valetudinem
1199 443 1357 479 alteram
1371 443 1418 480 ad
1427 442 1619 490 Epidicum
1629 444 1792 480 referre?

280 499 374 536 Nam
395 510 502 536 nemo
527 501 628 534 certe
649 497 856 544 mirabitur,
891 498 924 534 si
956 498 1135 544 Thesprio
1172 509 1316 545 quoque
1352 499 1519 536 conservi
1552 509 1673 535 rerum
1709 509 1791 535 con-

279 555 457 593 ditionem
480 554 680 601 quaeritat,
703 565 772 592 nec
795 554 949 592 fortuito
974 555 1132 592 fortasse
1156 555 1313 593 Plautus
1345 567 1381 592 v.
1405 557 1429 593 9
1451 555 1601 602 scripsit
1629 555 1729 602 ‚quid
1753 559 1795 593 tu

279 613 387 659 agis?
412 613 437 650 i.
458 622 491 648 e.
513 612 598 648 Nun
622 611 700 649 will
723 611 783 648 ich
805 612 901 649 auch
923 613 1050 658 buren,
1073 623 1151 649 was
1174 613 1225 660 du
1248 612 1403 649 treibst.‘
1452 613 1554 658 Quae
1577 612 1641 658 qui
1662 613 1792 659 proba—

280 669 389 717 verit,
428 670 460 707 is
484 669 643 716 priorem
673 668 926 715 quaestionem
958 680 1040 707 cum
1071 670 1286 717 insequente
1318 670 1554 716 responsione
1592 672 1640 715 (v.
1663 669 1791 714 9—12)

280 727 438 764 secundo
459 726 539 763 loco
557 729 642 773 post
654 737 690 763 v.
704 727 750 763 19
773 730 896 772 ponet,
921 737 992 773 quo
1017 727 1175 764 alterum
1197 727 1289 764 illud
1312 727 1462 764 dubium
1485 727 1530 764 de
1555 739 1591 764 v.
1604 727 1649 764 13
1673 730 1793 763 ortum

281 784 464 821 commode
488 782 728 830 infringatur,
754 792 862 829 quum
885 783 941 820 ita
953 783 1052 820 haud
1075 783 1152 820 scio
1177 794 1342 821 annemo
1366 783 1617 821 festinationis
1639 782 1791 820 mentio-

281 851 364 877 nem
390 844 434 876 ut
456 839 756 885 intempestivam
780 849 909 876 serove
933 840 1073 876 factam
1096 840 1335 887 perstringat.
1358 860 1406 866 -
1433 840 1513 876 Iam
1536 843 1657 876 utram
1679 839 1792 877 inter-

279 897 523 945 rogationem,
544 901 672 933 utrum
695 907 909 943 responsum
921 896 1075 943 Epidico
1100 898 1328 935 vindicabit?
1367 897 1474 934 Illius
1497 897 1651 943 rapinae
1674 906 1792 943 neque

280 959 368 992 ante
392 965 460 991 nec
479 958 563 1000 post
594 965 666 990 uno
696 955 807 991 verbo
839 957 1056 1001 tanguntur.
1102 954 1279 1001 Epidicus
1312 958 1440 991 contra
1470 964 1563 1000 quae
1594 954 1668 991 iam
1697 966 1791 991 com-

280 1012 392 1058 misit,
429 1023 511 1048 cum
540 1011 712 1048 universo
752 1011 901 1048 fabulae
932 1015 1148 1058 argumento
1180 1016 1258 1049 tam
1287 1015 1368 1048 arte
1402 1012 1611 1057 cohaerent,
1647 1014 1690 1047 ut
1721 1022 1792 1047 non

279 1069 445 1116 ineptum
467 1068 641 1105 videatur
665 1069 985 1106 concedere‘hunc
1008 1067 1128 1115 ipsum
1152 1069 1427 1117 magniloquum
1449 1068 1541 1105 illud
1571 1068 1686 1114 ‚rapio
1710 1079 1790 1114 pro-

281 1127 416 1172 palam‘
441 1128 526 1171 post
551 1126 694 1162 fraudis
720 1126 941 1163 novissimae
972 1129 1190 1172 proventum
1214 1127 1344 1163 decere
1374 1136 1481 1172 quam
1504 1126 1670 1162 maxime.
1716 1126 1793 1161 Nec

280 1183 422 1228 mirum,
446 1183 479 1219 si
502 1182 678 1229 Epidicus
703 1183 844 1220 fraudis
868 1183 1070 1220 iactatione
1100 1195 1165 1229 pro
1195 1185 1281 1220 hero
1305 1188 1498 1229 susceptae
1528 1183 1644 1230 ipsius
1673 1194 1790 1218 recor-

279 1240 389 1276 datus
414 1240 598 1285 extemplo
621 1240 847 1286 interrogat:
881 1240 989 1287 ‚Quid
1019 1240 1119 1277 erilis
1150 1244 1275 1277 noster
1297 1241 1393 1277 filius
1402 1241 1432 1276 ‘?‘
1478 1239 1695 1276 Adscribere
1718 1239 1792 1275 iam

279 1296 395 1333 liceat
418 1296 680 1334 versiculorum
705 1296 867 1334 ordinem
896 1297 1181 1336 ratiocinatione
1210 1301 1338 1335 nostra
1361 1297 1546 1335 inversum
1577 1299 1688 1343 atque
1712 1307 1792 1334 ver-

279 1354 414 1391 nacula
436 1354 567 1401 lingua
590 1354 765 1391 sermonis
789 1358 953 1392 tenorem
976 1355 1181 1392 illustrare:

1111 1437 1222 1483 ΕΜ.
1248 1436 1297 1473 Di
1321 1436 1410 1472 dent
1434 1437 1528 1480 quae
1551 1434 1654 1471 velis.

418 1492 554 1529 Venire
565 1492 705 1529 salvom
718 1494 874 1540 gaudeo.
901 1494 1001 1530 Thes.
1017 1493 1111 1539 Quid
1125 1496 1311 1530 ceterum?
1336 1493 1447 1540 Epid.
1473 1486 1577 1537 Quod
1591 1492 1792 1528 cosdsolet:

418 1550 518 1587 Cena
534 1549 605 1586 tibi
622 1550 781 1587 dabitur.
830 1552 929 1588 Thes.
956 1552 1121 1597 Spondeo
1156 1551 1268 1597 Epid.
1307 1550 1424 1595 Quid?
1463 1550 1565 1586 Τὴεε.
1590 1549 1650 1585 Me
1666 1551 1790 1595 accep-

1107 1612 1241 1654 turum,
1265 1608 1297 1644 si
1321 1607 1437 1643 dabis.
1459 1621 1462 1624 ⁴

286 1677 397 1723 Epid.
423 1676 472 1714 Di
496 1676 719 1713 immortales
738 1680 776 1713 te
794 1676 1003 1714 infelicent!
1027 1697 1074 1703 -
1096 1655 1148 1714 I'Jt
1171 1680 1213 1713 tu
1238 1687 1277 1713 es
1301 1676 1477 1732 gradibus
1501 1675 1712 1723 grandibus.

419 1733 512 1770 Nam
535 1735 579 1769 ut
602 1734 700 1779 apud
723 1737 871 1780 portum
894 1737 933 1770 te
958 1733 1141 1780 conspexi,
1167 1733 1346 1770 curriculo
1371 1734 1498 1779 occepi
1521 1732 1640 1778 sequi:

420 1790 494 1826 Vix
517 1790 705 1836 apiscendi
730 1795 897 1837 potestas
921 1793 1026 1828 medo
1051 1791 1135 1828 fnit.
1184 1791 1283 1828 Thes.
1309 1791 1483 1827 Scurra's.
1529 1790 1640 1836 Epid.
1665 1789 1746 1826 Scio

420 1848 474 1884 Te
505 1849 584 1885 esse
615 1849 785 1894 equidem
814 1849 994 1886 hominem
1023 1849 1231 1886 militarem,
1279 1848 1380 1885 Thes.
1411 1849 1599 1885 Audacter
1627 1847 1793 1893 quamvis

1104 1907 1235 1943 dicito!
1797 1938 1800 1941 .

281 1964 393 2010 Epid.
421 1964 516 2009 Quid
546 1965 627 2001 ais?
670 1966 873 2009 perpetuen
903 1964 1081 2001 valuisti?
1131 1966 1232 2001 Thes.
1271 1964 1393 2000 Varie.
1440 1963 1551 2009 Epid.
1588 1963 1659 2008 Qui
1690 1963 1792 2000 varie

1110 2021 1239 2058 valent

421 2078 669 2125 Caprigenum
692 2078 875 2115 hominum
898 2081 971 2115 ιιόιι
994 2079 1119 2125 placet
1141 2078 1230 2115 mihi
1250 2080 1369 2124 neque
1388 2077 1644 2124 pantherinsim
1664 2087 1792 2123 genus.

284 2139 317 2174 T
315 2139 386 2174 hes.
417 2136 512 2180 Quid
530 2136 600 2171 tibi
612 2136 668 2172 vis
683 2136 812 2181 dicam,
837 2135 909 2171 nisi
922 2136 1018 2181 quod
1031 2139 1100 2182 est,
1120 2139 1163 2172 ut
1175 2135 1291 2171 facies
1305 2137 1470 2171 ostentat
1481 2132 1617 2180 probe?
1645 2135 1790 2179 [Haspj

421 2192 515 2239 Quid
546 2193 619 2229 trite
649 2192 755 2238 agis?
799 2197 843 2229 ut
878 2193 1004 2229 vales?
1052 2193 1163 2239 Epid.
1199 2192 1413 2238 Exemplum
1444 2192 1571 2228 adesse
1600 2191 1792 2237 intellego.

1104 2245 1211 2287 'Thea
1236 2251 1430 2297 Engepae!

423 2307 680 2353 corpulentior
703 2307 827 2343 videre
852 2311 965 2353 atque
989 2307 1160 2344 habitior.
1206 2308 1317 2353 Epid.
1342 2307 1439 2343 Huic
1463 2306 1599 2353 gratia.

286 2366 387 2401 Thes.
420 2365 536 2409 Quam
560 2364 707 2410 quidem
730 2367 769 2400 te
793 2364 930 2400 iamdiu
955 2365 1084 2411 edepol
1108 2363 1309 2411 perdidisse
1334 2362 1508 2409 opbrtuit.

285 2422 397 2469 Bpid.
422 2422 543 2459 Minus
568 2422 641 2459 iam
665 2422 847 2459 furtificus
870 2433 950 2459 sum
973 2434 1082 2469 quam
1106 2422 1275 2459 antehac.
1324 2422 1423 2458 Thes.
1449 2420 1543 2466 Quid
1566 2419 1645 2456 ita?
1682 2419 1792 2465 Epid.

1108 2479 1226 2526 Rapio
1249 2479 1454 2526 propalam!
1473 2498 1520 2504 —

421 2537 517 2583 Quid
541 2537 642 2574 erilis
666 2541 792 2574 noster
817 2537 947 2574 filius?
972 2558 1018 2563 —
1040 2558 1087 2564 —
1111 2556 1156 2563 —-

1109 2631 1220 2677 Epid.
1247 2630 1309 2667 Sci
1333 2629 1401 2666 mir
1424 2631 1615 2678 gegrflsst!

422 2687 520 2725 Mich
544 2689 676 2734 flente,
702 2689 786 2725 dass
810 2689 907 2725 wohl
931 2689 980 2725 du
1003 2689 1274 2737 heimgekehrt!
1310 2688 1409 2724 Thes.
1434 2687 1526 2723 Was
1549 2689 1652 2722 sonst
1676 2686 1792 2722 noch?

1110 2747 1220 2795 Epid.
1245 2746 1336 2783 Was
1361 2743 1622 2795 gebrsuehlich
1645 2741 1711 2780 ist:
