2052 3172
966 137 1020 178 24

233 272 395 315 tentiae
423 271 639 326 praesidio
668 274 780 325 sunt,
812 282 897 327 qua
925 274 970 314 et
999 270 1192 326 exempla
1220 272 1294 316 illa
1323 285 1377 316 ex
1395 272 1580 316 Homero
1610 272 1748 327 petita

234 353 319 384 non
348 339 612 384 incommode
642 352 689 384 se
719 339 932 393 excipiant
961 342 1005 383 et
1033 340 1179 384 Thetis
1200 341 1490 398 Nereidesque
1519 355 1559 385 v.
1577 345 1745 385 34—36

232 409 469 453 interiectis
499 421 526 452 a
554 409 756 453 scutariis
785 408 849 452 ita
877 412 1166 464 secernantur,
1196 413 1245 453 ut
1274 410 1465 454 iocorum
1483 411 1747 466 perpetuitas

234 479 352 521 nulla
379 479 638 522 necessitate
668 478 889 521 evincatur
918 476 1177 534 dubiumque
1207 491 1291 522 non
1312 479 1381 532 sit,
1414 481 1515 534 quin
1537 480 1746 523 scutarios

234 547 349 591 omni
378 547 700 591 retractationis
730 546 989 601 cogitatione
1020 545 1187 593 abiecta
1221 548 1425 590 mortales
1465 548 1609 593 fabros
1639 549 1748 592 iudi-

234 628 333 659 care
361 615 501 658 liceat.
547 615 747 658 Ceterum
768 615 973 666 conferas,
1005 628 1114 671 quae
1132 616 1243 658 hunc
1262 617 1306 658 in
1333 617 1472 659 locum
1493 622 1537 660 et
1556 618 1745 661 illustra-

235 687 361 727 turus
397 687 442 727 et
476 683 780 728 emendaturus
824 682 1029 726 Goetzius
1072 684 1115 727 in
1152 684 1274 745 anal.
1298 684 1436 728 Plaut.
1475 698 1514 739 p.
1545 689 1623 729 113
1655 698 1744 741 sqq.

236 752 455 803 disseruit,
486 752 560 794 ubi
590 752 643 795 de
673 765 954 806 personarum
990 753 1104 795 notis
1134 753 1408 795 immutandis
1446 754 1607 807 cogitat
1637 767 1747 797 com-

233 818 444 875 probante
485 819 684 876 Haspero
724 821 751 864 1.
776 834 809 864 s.
832 833 865 864 s.
907 834 947 875 p.
975 824 1045 873 103
1090 832 1228 877 neque
1267 832 1346 864 nos
1376 819 1488 876 fugit
1527 822 1666 876 ipsum
1704 823 1747 865 in

233 889 367 943 praef.
398 889 522 943 Epid.
564 903 605 944 p.
637 890 759 932 XXII
800 890 855 932 ad
893 890 1081 943 priorem
1119 892 1311 932 nostram
1350 890 1747 943 interpretationem

234 970 496 1013 propensum
525 958 673 1002 videri.

349 1027 415 1069 De
444 1040 483 1069 v.
500 1027 694 1075 46-49
715 1028 800 1070 iam
822 1027 1028 1069 Goetzius
1060 1027 1104 1068 in
1135 1027 1243 1069 anal.
1274 1026 1412 1068 Plaut.
1434 1040 1473 1079 p.
1495 1029 1575 1069 105
1605 1027 1743 1068 Reiu-

233 1094 440 1137 hardtum
471 1094 685 1151 (Studem.
720 1096 831 1139 stud.
863 1095 944 1138 v.I
973 1108 1013 1149 p.
1040 1095 1138 1150 104)
1175 1095 1405 1149 ingeniose,
1435 1098 1485 1138 ut
1514 1096 1746 1151 opinamur,

233 1163 507 1219 Lanyrehrio
527 1164 789 1219 suffragante
811 1165 854 1219 (1.
873 1177 907 1207 s.
924 1177 957 1207 s.
980 1177 1020 1217 p.
1043 1165 1112 1218 16)
1133 1164 1474 1218 impugnavit;2⁷)
1506 1165 1581 1207 sed
1602 1178 1747 1221 quam·

234 1232 299 1275 vis
328 1231 514 1276 fortasse
544 1233 652 1276 satis
688 1234 750 1276 ita
778 1233 1000 1276 versiculis
1032 1236 1202 1276 cautum
1231 1233 1300 1286 sit,
1337 1234 1465 1276 aliam
1495 1233 1746 1287 explanandi

233 1301 444 1344 rationem
473 1301 584 1344 inire
612 1313 698 1344 non
717 1302 870 1353 minus,
904 1301 941 1343 si
972 1301 1038 1343 dis
1067 1301 1220 1354 placet,
1251 1302 1342 1344 loco
1371 1302 1674 1345 subventuram
1694 1314 1744 1344 eo

234 1369 373 1423 magis
402 1368 528 1413 nobis
557 1370 698 1422 liceat,
731 1382 813 1425 quo
844 1369 1044 1424 graviora
1074 1373 1324 1423 argumenta
1353 1370 1580 1425 Her-sperus
1609 1370 1747 1413 neuti-

236 1450 365 1495 quam
393 1438 480 1481 illis
509 1450 741 1493 persuasus
773 1439 828 1481 ad
856 1438 939 1481 loci
969 1436 1119 1480 turbas
1149 1438 1402 1481 evincendas
1438 1438 1636 1481 attulisse
1666 1437 1747 1480 sibi

235 1508 420 1551 videtur.
479 1508 561 1551 Est
590 1508 701 1551 enim
738 1507 1030 1551 altercationis
1067 1511 1190 1550 tenor
1219 1508 1305 1551 hic:
1343 1509 1533 1551 Primum
1561 1520 1671 1550 nova
1700 1520 1747 1550 re

236 1575 559 1631 obstupefactus
598 1577 801 1632 Epidicus
843 1576 936 1620 sine
973 1574 1222 1631 ambagibus
1263 1576 1450 1630 priorem
1492 1575 1747 1630 emptionem

236 1645 493 1698 Thesprioni
532 1645 768 1699 eloquitur,
821 1645 894 1700 qui
931 1648 975 1687 et
1008 1657 1212 1698 responso
1242 1658 1280 1687 v.
1303 1649 1357 1687 49
1400 1645 1572 1697 ,And're
1604 1645 1747 1687 stadt-

237 1713 356 1766 chen,
394 1708 541 1757 and're
583 1713 804 1767 Madchen,
844 1713 957 1755 mein
998 1713 1132 1756 lieber
1167 1713 1402 1767 Epidicus!‘
1442 1717 1486 1756 et
1524 1713 1747 1755 universae

236 1783 302 1825 rei
331 1782 610 1825 tristissimae
639 1782 703 1824 illi
734 1786 934 1825 accurata
963 1782 1233 1824 enarratione
1262 1794 1345 1824 non
1374 1783 1630 1824 mediocrem
1659 1794 1746 1823 mo-

236 1851 406 1894 lestiam
444 1850 622 1905 Epidico
663 1850 858 1902 exhibet,
906 1863 956 1893 ex
997 1862 1081 1905 qua
1120 1862 1249 1906 quum
1289 1850 1614 1893 exclamationes
1655 1850 1746 1893 eius

236 1933 275 1962 v.
301 1923 369 1973 50,
392 1922 460 1973 56,
485 1923 552 1972 57,
584 1922 676 1962 tum
704 1932 851 1962 vocem
879 1919 996 1961 illam
1027 1919 1116 1971 ,sed
1136 1922 1300 1961 taceam
1320 1920 1592 1971 optumumst‘
1622 1922 1746 1960 natas

235 1988 456 2031 sentimus.
501 1988 612 2039 Quid
642 1988 780 2030 enim?
826 1988 929 2039 Quis
959 1988 1096 2030 iratus
1125 1987 1193 2030 vel
1223 1987 1371 2041 quovis
1400 1999 1594 2030 maerore
1623 1986 1746 2029 affec-

235 2061 306 2100 tus
335 2057 621 2110 interroganti
641 2055 825 2111 benigne
845 2057 1128 2110 respondeat?
1170 2056 1343 2099 Minime
1363 2056 1506 2098 hercle
1525 2056 1747 2109 Epidicum

237 2125 282 2170 id
312 2125 487 2168 studere
517 2128 731 2179 putamus,
762 2129 812 2168 ut
838 2137 1088 2168 conservum
1121 2125 1351 2181 quidquam
1381 2125 1508 2167 celet:
1540 2124 1615 2167 sed
1644 2124 1751 2166 The-

237 2193 423 2248 sprionis
452 2192 750 2247 rogat-ionibus
780 2194 949 2236 iteratis
978 2197 1204 2248 postquam
1239 2206 1374 2248 pauca
1403 2192 1625 2247 respondit
1663 2204 1752 2234 ser-

237 2274 407 2305 monem
425 2261 686 2316 indiynatzas
707 2261 775 2317 (cf.
793 2275 831 2304 v.
851 2262 924 2317 63)
946 2261 1181 2316 abrumpit:
1214 2262 1345 2315 ,Doch
1363 2274 1408 2304 es
1429 2262 1487 2304 ist
1503 2273 1571 2304 am
1587 2259 1750 2312 besten,

237 2330 307 2373 ich
342 2329 446 2373 rede
484 2329 625 2372 nichts
665 2330 844 2373 weiterl‘
895 2333 1024 2384 atque
1065 2342 1166 2373 voce
1203 2330 1388 2373 demissa
1423 2329 1584 2383 pergit:
1636 2329 1752 2382 ,Was

236 2401 360 2441 niitzt
389 2398 497 2442 auch
538 2398 634 2441 dem
665 2398 842 2442 Sclaven
872 2398 949 2441 das
979 2399 1152 2442 Reden?
1201 2399 1273 2441 Im.
1294 2398 1412 2453 Kopf
1436 2410 1553 2441 muss
1593 2409 1641 2440 er
1676 2397 1752 2439 das

239 2467 366 2511 Seine
395 2465 548 2519 haben,
591 2467 667 2510 das
697 2467 757 2510 ist
786 2467 904 2510 seine
935 2467 1169 2519 Weisheit‚‘
1217 2480 1299 2521 quo
1331 2480 1381 2510 ex
1412 2467 1524 2510 dicto
1555 2466 1753 2509 universa

238 2534 453 2589 cogitandi
482 2535 595 2578 ratio
624 2535 793 2589 Epidici
823 2538 910 2577 tam
948 2535 1109 2578 versuti
1138 2539 1188 2578 ut
1216 2536 1324 2578 alias
1354 2535 1467 2578 clare
1498 2534 1648 2577 elucet.
1699 2558 1751 2564 —

239 2604 447 2648 Servandi
468 2617 571 2658 ergo
593 2608 694 2647 sunt
713 2605 774 2648 illi
796 2617 834 2647 v.
852 2608 1022 2648 46-49
1045 2607 1089 2647 et
1110 2608 1279 2648 58—60
1299 2617 1375 2648 nec
1401 2604 1594 2658 utiquam
1614 2606 1754 2645 trans-

237 2672 434 2727 ponendi.
483 2673 576 2716 Iam
606 2673 650 2716 in
679 2686 718 2716 v.
738 2674 793 2717 50
809 2685 899 2728 sqq.
931 2673 1206 2716 aestimandis
1238 2673 1352 2728 quod
1371 2672 1598 2728 Hasperus
1637 2670 1749 2712 Wei-

237 2741 371 2795 sium,
410 2741 688 2798 Geppertum,
725 2741 937 2786 Bm‘xium
966 2745 1139 2788 secutus
1168 2746 1494 2789 retractatorem
1513 2741 1755 2796 suspicatur
