2814 3590
1523 311 1589 350 '28

800 448 937 499 vocat,
968 455 1147 499 quorum
1176 446 1328 486 neuter
1358 445 1613 488 sententiam
1635 455 1755 488 suam
1776 456 1855 498 pro
1875 445 2070 489 terminis
2091 453 2307 499 censurae,

802 526 928 568 quam
958 516 1059 555 tunc
1088 511 1288 566 agebant,
1329 514 1512 567 amplius
1542 514 1732 557 elocutus
1765 516 1843 566 est.
1905 513 2308 568 (‚Beachtenswerth

800 582 859 624 ist
895 581 964 623 die
999 581 1206 623 Athetese
1242 592 1324 624 von
1360 584 1486 624 135-
1505 584 1583 624 137
1614 605 1672 612 —
1708 593 1741 623 s.
1773 580 1894 623 Anm.
1927 584 1951 623 2
1994 582 2032 624 d.
2066 581 2148 634 St.';
2187 580 2310 623 ‘nicht

801 649 939 691 bes-ser
965 648 1169 690 schemen
1197 649 1289 690 mir
1315 649 1524 704 ibbriyens
1555 652 1636 692 215
1658 649 1686 692 f.
1718 651 1787 679 —‘
1819 649 1881 690 ait
1910 648 2126 691 Dxiatxko
2151 650 2179 693 J
2180 661 2309 692 enaer

799 716 1271 778 Litteraturzeit51879
1292 730 1334 771 p.
1356 719 1459 770 2383
1492 718 1556 770 ‚V.
1580 720 1662 760 215
1683 717 1771 759 und
1793 718 1874 759 216
1905 716 1965 759 ist
1983 716 2075 760 Ref.
2107 717 2309 762 versucht

758 825 760 827 ,
798 785 868 829 fiir
897 786 966 830 ein
981 785 1180 829 Glossem
1210 799 1264 830 zu
1283 786 1445 830 halten‘
1485 787 1723 842 Waynerus
1753 789 1897 830 censet
1916 786 2098 829 Literar.
2117 786 2308 830 Central-

798 854 909 898 blatt
943 858 1051 899 1879
1081 868 1122 910 p.
1143 856 1258 910 338).
1318 856 1491 899 Utinam
1522 856 1751 912 Has-perus
1780 867 1910 900 unum
1939 855 2045 897 illud
2075 856 2306 910 tetigisset,

797 924 911 978 quod
940 924 1223 979 Lanyenium
1252 925 1296 967 in
1325 925 1351 967 l.
1395 925 1489 978 ‚Die
1519 925 1772 979 Metaphern
1811 925 1870 967 im
1899 924 2196 967 Lateinischen
2225 936 2307 966 von

798 992 977 1034 Plautus
996 991 1064 1035 bis
1087 993 1326 1035 Terentius‘
1348 993 1601 1036 observasse
1619 993 1813 1036 videmus
1843 992 1911 1047 (cf.
1929 991 2150 1033 Bursiani
2168 992 2304 1033 annal.

798 1059 940 1102 XXXI
976 1063 1082 1102 1883
1119 1073 1159 1113 p.
1185 1063 1257 1102 36:
1310 1060 1506 1103 Animum
1543 1061 1769 1103 advortere
1809 1072 1904 1103 cum
1940 1071 2076 1102 accus.
2117 1078 2175 1094 =
2219 1059 2306 1111 ‚be-

797 1127 985 1182 merken,
1015 1128 1326 1171 wahrnehmen‘
1357 1132 1401 1171 et
1431 1128 1621 1180 ,strafen‘
1654 1141 1680 1171 a
1698 1129 1851 1171 Plauto
1871 1140 2083 1181 nunquam
2103 1128 2165 1169 ita
2183 1139 2308 1170 usur-

797 1195 891 1249 pari
912 1195 1034 1250 Epid.
1054 1199 1136 1239 215
1159 1200 1202 1239 et
1221 1197 1335 1241 Trin.
1358 1200 1465 1240 1096
1499 1197 1699 1252 exceptis,
1731 1209 1837 1251 quos
1857 1196 1973 1240 locos
1994 1196 2093 1239 ideo
2115 1208 2141 1238 a
2155 1196 2307 1239 Plauto

798 1276 881 1306 non
901 1263 1116 1318 profectos
1138 1278 1232 1309 esse
1263 1266 1532 1319 censendos)!
1572 1267 1720 1320 Neque
1750 1278 1850 1309 vero
1881 1266 1986 1308 illud
2016 1269 2110 1309 erat
2138 1265 2307 1308 silentio

798 1333 1170 1388 praetereundum,
1202 1334 1458 1388 scripturam
1488 1335 1569 1378 loci
1590 1334 1836 1378 iamdudum
1867 1334 2015 1377 doctos
2035 1345 2222 1386 vexasse,
2255 1333 2307 1377 cf.

797 1400 950 1455 Rappi
968 1402 996 1444 l.
1028 1402 1122 1455 ,Die
1141 1403 1455 1456 plautinischen
1476 1403 1744 1457 Lustspiele‘,
1767 1403 1839 1456 qui
1859 1403 2000 1445 nescio
2020 1414 2103 1455 qua
2123 1401 2308 1444 editione

798 1469 866 1511 vel
894 1469 1077 1512 lectione
1106 1470 1275 1512 innixus
1305 1471 1501 1524 personis
1537 1471 1713 1513 mutatis
1755 1484 1793 1513 v.
1817 1472 2043 1512 215—216
2084 1469 2146 1511 ita
2175 1469 2307 1511 inter-

799 1540 1017 1591 pretatur:

801 1672 811 1682 .
830 1672 839 1682 .
857 1671 867 1683 .
900 1640 970 1683 Sie
986 1640 1304 1695 wegzufischen,
1324 1641 1478 1684 denkst
1496 1641 1554 1684 du
1572 1641 1676 1684 wie?
1707 1609 1884 1696 Periph.
1909 1640 1983 1684 Ich
1998 1640 2110 1683 hort'
2129 1652 2173 1683 es
2189 1652 2305 1693 gern.

801 1707 934 1763 ΕΜ.
966 1709 1046 1752 Die
1066 1710 1246 1752 meisten
1267 1710 1418 1753 fiihren
1438 1714 1606 1753 unterm
1627 1710 1752 1752 Kleid
1783 1710 1859 1752 das
1878 1709 1986 1752 Netz
2008 1709 2248 1751 versteckt.
2268 1741 2276 1750 .
2297 1741 2306 1750 .

916 1811 982 1854 Ne
1011 1812 1164 1865 longus
1193 1813 1296 1855 sim:
1338 1813 1375 1855 si
1405 1813 1499 1855 iure
1529 1813 1755 1868 Lanyem’o
1789 1812 2153 1865 ,animadvertere‘
2193 1810 2308 1853 vocis

800 1882 1020 1922 structura
1059 1881 1342 1934 suspicionem
1381 1881 1619 1935 commovit,
1662 1881 1912 1924 emendandi
1962 1880 2074 1923 viam
2114 1878 2308 1932 equidem

799 1938 971 2002 ingredi
997 1949 1108 1991 malo
1138 1962 1265 2002 quam
1307 1950 1485 1993 eiciendi
1523 1954 1567 1993 et
1597 1950 1773 2003 exempl.
1815 1962 1879 2003 gr.
1913 1947 2180 1991 scribendum
2210 1959 2308 2001 pro-

797 2029 933 2071 pono:

798 2120 884 2162 Eos
906 2118 1147 2174 captabant.
1190 2098 1333 2176 A'tque
1362 2122 1477 2174 adeo,
1510 2122 1582 2176 qui
1611 2121 1804 2164 maxume
1825 2120 2010 2164 animum
2036 2119 2307 2171 advorterim,

798 2188 1033 2243 Pleraeque
1065 2202 1140 2232 eae
1169 2191 1247 2233 sub
1277 2191 1548 2233 vestimentis
1578 2191 1721 2233 secum
1751 2189 1965 2232 habebant
1994 2189 2116 2231 retia.

912 2274 1050 2317 Alteri
1091 2275 1272 2329 denique
1314 2288 1464 2319 versus
1499 2279 1579 2318 261
1615 2288 1703 2330 sqq.
1723 2309 1733 2327 ,
1771 2275 1923 2329 quibus
1952 2274 2155 2328 Epidicus
2185 2274 2309 2327 longe

798 2355 845 2386 se
875 2343 1027 2386 abesse
1057 2344 1230 2386 simulat
1259 2357 1284 2387 a
1314 2345 1547 2398 cupiditate
1577 2345 1742 2387 duobus
1769 2342 1942 2386 senibus
1962 2343 2182 2397 proprium
2212 2355 2309 2384 con-

798 2411 939 2454 silium
968 2411 1227 2464 venditandi,
1265 2413 1464 2457 nimirum
1500 2413 1612 2467 quod
1641 2424 1790 2456 verum
1820 2411 2042 2457 consilium
2077 2411 2138 2454 ita
2167 2413 2309 2454 astute

798 2481 922 2533 celat,
961 2484 1050 2524 tam
1087 2482 1318 2524 necessarii
1355 2486 1455 2525 sunt
1491 2483 1546 2525 ad
1576 2481 1816 2536 argumenti
1847 2480 2220 2532 continuationem,
2261 2483 2310 2524 ut

798 2549 960 2593 maiora
1002 2551 1324 2594 retractationis
1369 2551 1621 2595 documenta
1665 2563 1770 2605 opus
1816 2550 1904 2594 sint
1947 2562 2072 2604 quam
2118 2549 2311 2604 Hasperi

797 2619 939 2672 opinio
970 2632 1010 2671 ‚a
1039 2622 1324 2662 retractatore
1353 2620 1509 2663 adiecti
1527 2620 1630 2662 mihi
1650 2619 1876 2671 videntur‘,
1906 2618 2162 2672 praesertim
2181 2629 2311 2671 quum

798 2688 892 2742 ipse
922 2688 1184 2732 concesserit
1224 2700 1278 2731 ne
1314 2688 1507 2732 lacunam
1542 2688 1712 2743 quidem
1750 2691 1849 2742 post
1879 2690 1961 2730 266
2002 2699 2097 2730 cum
2135 2686 2309 2729 Goetzio

797 2768 893 2800 esse
924 2757 1216 2800 statuendam:
1249 2769 1348 2800 nam
1376 2756 1507 2800 verba
1537 2757 1744 2811 optimum
1773 2754 1932 2799 habere
1963 2755 2230 2809 explicatum.

910 2843 1000 2886 Iam
1031 2847 1194 2897 septem
1223 2843 1286 2885 illi
1316 2856 1464 2886 versus
1497 2841 1720 2890 229—35
1751 2846 1852 2885 sunt
1881 2841 2077 2895 adeundi,
2120 2841 2192 2895 qui
2222 2844 2309 2883 tam

797 2912 1029 2956 multorum
1061 2912 1487 2967 doctissimorumque
1517 2912 1687 2967 ingenia
1716 2914 1917 2956 vexantes
1939 2910 2111 2966 spuriae
2131 2909 2309 2965 originis
