2052 3172
955 142 1009 182 49

255 294 296 336 p.
319 281 372 323 23
404 279 449 321 et
483 274 670 318 GRW.
689 274 934 319 Mallorum
962 276 1100 321 Plaut.
1121 276 1240 320 Pros.
1271 290 1311 330 p.
1335 278 1420 320 270
1441 289 1544 331 sqq„
1577 288 1755 331 quorum

255 349 328 391 ille
356 345 570 389 emendat:

369 413 602 457 Duodecim
632 413 675 456 di
703 413 882 468 plusque
912 427 1038 468 quam
1068 414 1111 456 in
1133 414 1249 457 caelo
1271 413 1420 457 adeost
1440 414 1758 471 immortalium,

255 484 324 526 hic
345 482 584 523 Duodecim
612 481 661 522 di
688 485 729 523 et
749 482 857 536 plus
887 486 966 524 etc.
1000 482 1255 536 suspicatur,
1286 482 1369 524 nisi
1398 481 1509 526 forte
1538 484 1666 527 duod.
1689 485 1761 527 dei

256 551 382 595 alteri
411 550 554 594 versui
583 549 853 593 tribuendum
884 550 954 604 sit,
985 550 1030 592 in
1059 550 1203 605 priore
1239 554 1380 594 autem
1410 551 1567 594 Plures
1607 554 1656 595 di
1683 558 1760 597 aut

256 620 409 662 Nimio
446 620 553 675 plus
595 632 729 674 quam
774 618 1035 674 [quantum]
1072 618 1434 672 substituendum;
1480 633 1576 664 nam
1612 622 1759 678 inepta

256 701 350 732 esse
379 689 453 732 illa
481 688 630 732 verba:
660 687 794 732 Zwolf
819 688 940 732 mehr
969 688 1032 731 als
1052 686 1343 732 unsterbliche
1364 689 1517 733 Gotter
1549 691 1606 733 im
1639 691 1758 747 Him-

256 751 339 801 mel
369 758 519 801 stehen
539 758 621 800 mir
649 756 730 802 bei.
776 757 866 799 Nos
896 770 997 800 vero
1029 770 1200 800 causam
1230 770 1314 800 non
1333 758 1539 813 videmus,
1570 772 1646 803 cur
1665 773 1759 803 ver-

257 840 351 871 sum
389 840 474 871 non
508 826 636 870 liceat
671 826 733 869 ita
771 825 1064 881 interpretari:
1108 826 1216 880 ,Um
1265 826 1407 882 zwolf
1445 827 1589 871 Gotter
1638 830 1761 872 mehr

255 898 322 939 als
341 895 626 938 unsterbliche
653 895 798 937 Gotter
827 899 905 937 etc.
936 895 963 936 i.
987 907 1021 936 e.
1044 895 1237 937 nochmal
1267 896 1400 937 soviel
1420 896 1584 949 Get-ter,
1617 898 1680 940 als
1701 899 1758 940 im

255 965 438 1009 Himmel
468 964 575 1018 sind,
607 963 756 1007 stehen
774 963 856 1006 mir
876 962 971 1015 bei‘,
1003 966 1053 1006 ut
1072 963 1204 1016 igitur
1224 975 1373 1006 servus
1393 964 1496 1007 haec
1516 964 1607 1008 fere
1626 966 1758 1010 dicat:

255 1034 487 1077 Duodecim
517 1033 586 1075 dei
616 1032 836 1086 Olympici,
867 1044 973 1086 quos
1002 1032 1129 1085 vulgo
1160 1036 1427 1085 venerantur,
1470 1046 1536 1077 me
1572 1047 1657 1078 non
1686 1048 1760 1089 po-

256 1106 431 1146 tuerunt
465 1114 654 1155 servare;
696 1101 771 1144 sed
809 1101 935 1144 alteri
971 1101 1204 1152 duodecim,
1248 1102 1477 1154 ,nochmals
1507 1104 1575 1146 ein
1605 1117 1762 1158 ganzer

256 1172 466 1225 Himmel‘,
498 1183 591 1214 cum
613 1171 675 1214 eis
696 1182 742 1213 se
773 1170 1091 1222 coniunxerunt,
1123 1173 1172 1212 ut
1201 1182 1267 1212 me
1288 1170 1504 1214 iuvarent!
1536 1172 1627 1224 Quo
1658 1172 1761 1227 quid

256 1239 452 1284 festivius
489 1240 572 1284 dici
601 1239 751 1294 possit,
782 1251 866 1282 non
894 1239 1036 1282 inveni
1076 1237 1145 1294 (cf.
1178 1239 1352 1292 insuper
1381 1252 1419 1283 v.
1444 1243 1527 1283 610
1549 1241 1672 1295 sqq.).
1706 1266 1760 1272 —-

369 1526 462 1569 Hoc
480 1521 593 1580 ‘ergo
622 1526 746 1568 modo
776 1525 1040 1568 incommoda
1070 1525 1112 1567 in
1142 1525 1320 1579 singulis
1339 1525 1505 1579 Epidici
1533 1526 1638 1569 locis
1668 1527 1760 1581 qui-

255 1595 436 1638 busdam
464 1595 556 1637 visa
576 1594 815 1637 accuratius
844 1593 1129 1647 ponderantes
1160 1606 1324 1636 omnem
1354 1597 1398 1636 et
1417 1595 1760 1653 interpolationis

258 1668 301 1708 et
321 1664 638 1707 retract-ationis
670 1663 951 1716 suspicionem
980 1661 1033 1705 ab
1054 1662 1222 1705 fabulae
1251 1662 1322 1705 filo
1342 1663 1468 1717 longe
1498 1664 1647 1706 abesse
1677 1664 1761 1706 iam

257 1733 376 1787 satis,
417 1736 465 1775 ut
505 1732 739 1786 opinamur,
781 1730 1007 1784 effecimus,
1049 1743 1127 1774 nec
1163 1731 1336 1774 dubium
1376 1730 1500 1775 nobis
1539 1735 1619 1785 est,
1661 1733 1761 1788 quin

264 1801 468 1844 G'oetxius
511 1805 682 1855 praeter
717 1801 852 1855 ipsius
890 1801 1249 1856 exspectationem
1283 1801 1518 1855 Epidicum,
1557 1802 1670 1856 quod
1705 1804 1764 1845 ad

256 1874 562 1926 armamentum
591 1870 761 1924 quidem
790 1870 958 1924 attinet,
989 1883 1072 1913 non
1108 1870 1275 1924 qualem
1304 1873 1563 1914 retractator
1591 1871 1761 1924 septimi

208 1968 211 1969 ν
257 1939 415 1983 saeculi
454 1951 491 1982 a.
515 1952 554 1981 u.
579 1951 612 1981 c.
654 1936 778 1981 nobis
816 1938 1050 1992 reliquerit,
1109 1938 1185 1981 sed
1234 1938 1401 1992 qualem
1432 1939 1620 1981 Plautus
1670 1951 1762 1982 eam

257 2008 503 2061 composuit,
540 2007 804 2050 recensuerit
840 2006 907 2061 (cf.
940 2007 1062 2060 Epid.
1104 2006 1236 2059 praef.
1269 2020 1309 2059 p.
1340 2007 1477 2060 XXI);
1515 2007 1631 2049 aliud
1659 2019 1760 2049 vero

255 2075 528 2126 recensioniS‚
573 2087 698 2129 quam
733 2076 897 2128 vocant,
939 2074 1192 2128 posterioris
1229 2078 1273 2117 et
1307 2075 1592 2129 interpolandi
1627 2087 1760 2128 genus

257 2144 312 2186 ad
351 2144 592 2186 continuam
638 2143 832 2185 codicum
874 2142 1201 2195 discrepantiam
1236 2141 1504 2186 referendum
1541 2146 1670 2197 atque
1704 2141 1758 2184 ab

256 2213 342 2255 illis
370 2210 749 2256 retractationibus
779 2211 903 2265 longe
933 2210 1148 2254 diversum
1178 2210 1246 2265 (cf.
1269 2211 1455 2267 Hasper.
1489 2212 1516 2254 l.
1535 2223 1569 2254 s.
1586 2224 1618 2254 s.
1640 2224 1680 2265 p.
1700 2214 1758 2264 8),

256 2281 370 2335 quod
398 2282 443 2323 in
473 2279 666 2323 omnibus
685 2280 896 2323 Plautinis
926 2278 1081 2322 fabulis
1111 2279 1206 2333 plus
1233 2280 1426 2323 minusve
1455 2283 1635 2334 apparet
1664 2291 1761 2322 cum

255 2349 432 2402 lacunis,
464 2349 745 2403 glossematis,
787 2349 982 2392 versibus
1012 2348 1350 2402 transponendis,
1392 2349 1615 2391 versiculis
1643 2360 1760 2390 men-

257 2418 373 2461 dosis
382 2417 436 2472 42)
467 2417 727 2472 insulsisque
756 2417 941 2471 sparsim
970 2416 1147 2460 intrusis
1187 2420 1262 2460 aut
1301 2417 1472 2460 aliunde
1501 2417 1650 2471 petitis
1688 2415 1758 2471 (cf.

257 2498 322 2528 ex.
354 2499 417 2539 gr.
455 2488 758 2538 v.109—111,
804 2486 856 2528 de
893 2484 1045 2539 quibus
1082 2485 1221 2539 Hasp.
1266 2499 1307 2538 p.
1334 2489 1404 2537 153
1457 2485 1602 2526 Goetx.
1638 2485 1760 2526 Anal.

254 2565 295 2607 p.
319 2556 400 2596 235
423 2565 513 2607 sqq.
546 2553 935 2608 ‚Dittograpbien‘),
968 2553 1107 2608 quoad
1128 2553 1265 2596 adhuc
1293 2556 1535 2607 respectum
1564 2565 1649 2595 non
1680 2556 1759 2605 est,

254 2621 681 2675 praetermittendum
711 2634 805 2664 esse
834 2625 1045 2675 putamus,
1077 2621 1415 2675 quandoquidem
1443 2633 1555 2664 nunc
1586 2621 1639 2664 de
1668 2622 1763 2664 uni·

255 2689 369 2732 versi
398 2689 638 2744 argumenti
673 2689 989 2744 probabilitate,
1030 2702 1113 2734 non
1154 2690 1206 2733 de
1246 2688 1452 2733 librorum
1491 2690 1559 2733 vel
1601 2690 1765 2744 aliquot

255 2769 455 2802 versuum
485 2757 569 2801 fide
589 2761 820 2812 quaeratur
850 2762 893 2802 et
912 2760 1099 2802 varietas
1130 2759 1203 2801 illa
1238 2758 1393 2801 iterum
1427 2758 1627 2802 videlicet
1656 2759 1764 2802 actis

1625 2851 1642 2876 4
