2052 3172
1002 93 1053 135 13

328 207 394 274 Ᾰᾶ
424 228 709 289 quadraginta
740 228 927 284 fortasse
963 242 1056 274 eam
1086 229 1220 284 pesse·
1243 228 1324 272 emi
1353 227 1555 271 minumo‘
1584 228 1721 275 minas

271 323 400 366 quum
432 312 525 365 ipse
555 311 639 353 iam
669 310 826 352 dudum
857 323 1003 353 verum
1035 314 1298 363 compertum
1326 310 1482 352 habeat
1513 308 1653 364 (civ.
1685 310 1772 363 52),

270 380 499 433 eodemque
546 379 720 421 consilio
760 378 881 420 addit
931 391 969 421 v.
1015 383 1117 422 297:
1165 378 1336 430 ,Verum
1377 378 1414 420 si
1454 378 1551 432 plus
1591 378 1775 431 dederis,

268 446 450 491 referam
480 449 589 500 etc.‘‚
625 445 832 501 quibuse
861 445 1004 489 verbis
1024 446 1260 501 Apoecides
1290 446 1566 492 nullomodo
1586 446 1777 489 conicere

271 519 425 569 potest,
458 516 607 569 quanti
628 528 775 558 servus
795 516 980 569 puellam
1009 528 1036 557 a
1053 516 1204 558 lenone
1233 520 1383 569 postea
1411 520 1677 558 mercaturus
1706 516 1776 568 sit,

271 596 399 639 quum
430 584 526 640 ipse
558 585 650 628 eius
682 583 778 645 dol'o
808 583 862 628 ab
894 584 1107 639 emptione
1142 584 1396 633 retineatur:
1437 584 1565 627 immo
1594 597 1695 628 vero
1724 596 1778 628 ne

270 654 314 695 id
343 655 514 707 quidem
555 655 761 707 comperit
789 655 1069 707 Periphanem
1112 667 1234 696 servo
1264 655 1304 696 X
1333 654 1458 696 minis
1488 655 1583 707 plus
1614 655 1640 696 i.
1674 668 1709 697 e.
1740 655 1775 697 L

268 734 347 776 pro
391 723 466 765 XL
509 722 680 765 dedisse
701 723 775 776 ,(ν.
809 721 923 775 347),
979 734 1107 776 quum
1147 724 1244 775 post
1282 734 1320 764 v.
1355 725 1435 764 297
1477 722 1530 765 de
1568 723 1776 765 minarum

269 804 443 833 numero
474 798 598 833 servo
627 791 930 832 tradendarum
962 795 1124 832 certum
1154 791 1382 843 quidquam
1413 804 1492 844 per
1520 795 1655 833 totam
1683 804 1775 833 sce-

269 871 366 902 nam
395 871 478 903 non
514 858 748 911 conveniat,
789 858 1023 912 Apoecides
1057 861 1198 901 autem
1236 862 1335 912 post
1370 871 1407 901 v.
1442 862 1523 902 305
1563 859 1606 901 in
1636 858 1775 902 forum

269 928 488 982 digressus
508 941 591 970 non
621 928 740 981 prius
762 940 855 969 cum
877 939 977 969 sene
997 927 1132 968 amico
1163 939 1314 969 rursus
1335 928 1616 982 colloquatur,
1647 941 1773 982 quain

268 996 435 1050 Epidici
467 996 589 1039 dolus
619 995 909 1038 felicissimum
939 998 1135 1038 eventum
1176 994 1325 1038 habuit
1361 997 1417 1050 (v.
1442 995 1559 1052 395).
1617 997 1775 1040 Veniat

268 1064 402 1118 igitur
439 1064 633 1108 lenonem
674 1067 872 1118 rogatum
914 1064 1147 1117 Apoecides
1190 1066 1233 1118 (a
1263 1064 1510 1119 Periphane
1551 1066 1594 1107 in
1624 1065 1775 1108 fraude

193 1128 197 1131 ’
268 1134 478 1186 patranda
516 1133 621 1175 nihil
662 1132 896 1175 timendum
937 1145 1031 1176 esse
1070 1146 1107 1175 v.
1143 1137 1224 1176 285
1264 1146 1353 1187 sqq.
1395 1134 1507 1177 clare
1547 1134 1772 1187 indicatur,

267 1214 403 1256 neque
434 1205 549 1245 certe
579 1205 730 1255 postea
760 1201 953 1255 lenonem
985 1202 1217 1254 conveniet,
1249 1202 1332 1244 nisi
1362 1201 1473 1244 forte
1493 1215 1622 1256 quum
1651 1203 1774 1246 dolus

268 1270 462 1313 detectus
491 1271 575 1312 iam
595 1273 673 1320 est,
706 1268 756 1311 cf.
780 1273 921 1312 annot.
949 1273 1018 1321 153
1050 1270 1252 1323 Epidicus
1284 1274 1438 1323 autem,
1470 1271 1590 1313 cuius
1619 1270 1774 1314 fiducia

269 1339 469 1387 nimirum
499 1350 604 1392 prae
634 1337 787 1380 ceteris
818 1338 861 1379 in
891 1337 1060 1380 fidicina
1089 1339 1230 1391 posita
1251 1342 1328 1391 est,
1361 1339 1452 1381 loco
1482 1338 1555 1381 illo
1577 1342 1658 1381 363
1680 1351 1770 1392 sqq.

267 1419 350 1450 non
380 1408 442 1449 eis
474 1419 520 1449 sc
549 1419 821 1449 occursurum
851 1407 1032 1459 nuntiat,
1070 1420 1177 1460 quae
1207 1410 1305 1460 post
1341 1406 1532 1449 fraudem
1563 1407 1771 1450 detectam

268 1474 351 1517 sibi
388 1479 590 1517 eventura
625 1477 760 1528 putet,
799 1474 875 1515 sed
910 1475 1110 1516 astutiam
1149 1474 1371 1527 significat,
1410 1487 1493 1527 qua
1529 1474 1648 1516 fraus
1678 1475 1772 1528 ipsa

267 1544 446 1595 celetur3
479 1555 586 1596 quae
616 1546 713 1596 post
733 1541 838 1584 fiant
857 1555 993 1596 neque
1014 1546 1135 1585 curat
1155 1555 1291 1595 neque
1312 1555 1412 1585 vero
1433 1555 1583 1585 curare
1603 1546 1769 1596 potest:

267 1625 368 1666 ergo
397 1613 484 1655 illis
514 1611 655 1654 verbis
688 1611 738 1663 ‚si
768 1611 839 1664 qui
860 1611 914 1653 ad
935 1623 1029 1653 eum
1049 1611 1261 1655 advenz'at‘
1299 1635 1356 1641 —-
1393 1612 1454 1653 sic
1475 1623 1568 1653 cum
1597 1611 1771 1653 Goctxio

266 1681 545 1736 Hasperoque
575 1681 797 1723 scribimus
827 1705 884 1710 ——
912 1693 1035 1723 nemo
1067 1680 1224 1723 dicitur
1253 1680 1335 1723 nisi
1357 1679 1626 1735 Apoedices):
1658 1680 1773 1724 dicat

267 1751 338 1793 ille
368 1750 498 1803 XXX,
530 1749 618 1802 XL,
649 1749 683 1790 L
715 1749 839 1791 minis
869 1748 1081 1792 fidicinam
1113 1750 1304 1792 stetisse:
1336 1750 1582 1803 pecuniaria
1610 1762 1657 1792 re
1688 1750 1771 1792 iam

266 1823 365 1861 ante
394 1820 449 1873 (v.
476 1818 576 1870 294)
607 1818 785 1871 Epidico
823 1831 1023 1860 concessa
1064 1819 1169 1861 satis
1201 1819 1284 1860 erit
1314 1819 1353 1860 ei
1384 1819 1631 1872 comperire,
1671 1832 1771 1861 num

264 1887 434 1932 fidicina
464 1890 607 1941 empta
637 1886 705 1939 sit,
737 1886 936 1940 quoniam
966 1887 1059 1941 ipse
1089 1887 1312 1941 Epidicum
1343 1886 1469 1929 claris
1500 1886 1643 1929 verbis
1673 1900 1771 1941 pro-

264 1955 503 1997 mittentem
534 1955 697 1997 audivit
727 1968 773 1997 se
803 1956 1051 2007 relaturum,
1083 1956 1195 2009 quod
1227 1956 1322 2008 plus
1353 1954 1433 1997 sibi
1465 1956 1611 2001 datum
1642 1960 1768 2007 esset,

265 2027 309 2068 et
337 2037 384 2067 re
420 2037 522 2067 vera
561 2023 630 2079 (cf.
663 2036 701 2067 v.
734 2025 836 2078 419)
879 2027 964 2067 tam
1006 2024 1187 2067 stolidus
1232 2027 1310 2077 est,
1352 2028 1401 2066 ut
1442 2024 1494 2067 de
1536 2024 1648 2071 servi
1687 2023 1769 2067 fide

234 2143 237 2145 ¹
264 2094 402 2136 minus
433 2092 601 2136 dubitet
630 2105 755 2146 quam
787 2093 859 2146 qui
889 2093 1073 2144 minime,
1106 2093 1156 2135 cf.
1183 2085 1220 2135 r.
1244 2097 1341 2134 410.
1397 2093 1493 2135 Etsi
1524 2093 1657 2146 igitur
1679 2106 1768 2146 ‘non

263 2162 437 2205 nimium
468 2161 685 2205 tribuatur
711 2174 983 2205 numerorum
1013 2162 1254 2204 diversitati
1286 2163 1340 2216 (v.
1361 2165 1442 2204 366
1464 2166 1565 2204 etv.
1591 2162 1691 2216 705)
1713 2187 1767 2193 --

263 2242 361 2272 nam
406 2231 510 2273 talia
555 2231 639 2290 alio
684 2243 850 2284 quoque
894 2231 1017 2272 modo
1062 2231 1278 2283 explanari
1323 2235 1504 2283 possunt
1540 2255 1596 2261 ——
1627 2235 1768 2273 tamen

264 2299 417 2341 ceteris
454 2299 592 2342 causis
624 2300 657 2341 L
688 2299 895 2342 minarum
935 2299 1092 2341 mentio
1124 2312 1161 2341 v.
1186 2302 1276 2342 ’366
1308 2299 1423 2341 nullo
1466 2299 1612 2349 modo„
1631 2300 1768 2342 teneri

263 2370 418 2421 potest,
461 2371 505 2409 et
535 2368 690 2420 duplex
719 2372 892 2420 praesto
931 2371 997 2409 est
1026 2367 1200 2417 medela,
1243 2380 1371 2419 quum
1412 2372 1487 2409 aut
1517 2368 1768 2410 emendandi

263 2436 375 2479 viam
404 2436 586 2490 ingressi
618 2436 798 2490 exempli
828 2436 968 2490 gratia
999 2434 1240 2479 scribimus:

377 2505 462 2547 Pro
492 2504 664 2547 fidicina
694 2506 862 2558 argenti
891 2505 1027 2547 minas
1059 2517 1106 2547 se
1135 2504 1293 2546 habere
1323 2505 1441 2546 domi
1472 2506 1653 2560 tm‘yinta
1688 2552 1691 2557 J

262 2573 347 2616 aut*
367 2573 422 2616 R.
448 2573 692 2616 Mallem-m
722 2577 765 2616 et
786 2573 1102 2615 Dxiatzkonem
1134 2573 1242 2628 (Jen.
1275 2573 1621 2629 Literaturzeitg.
1658 2578 1765 2619 1879

262 2655 303 2685 n.
334 2643 400 2696 17)
431 2643 566 2686 secuti
596 2655 766 2686 versum
807 2642 1009 2696 delemus,
1047 2643 1207 2696 quippe
1248 2654 1371 2696 quem
1403 2656 1454 2685 ex
1492 2656 1531 2685 v.
1552 2648 1636 2699 347
1668 2657 1767 2698 pro-

263 2710 364 2754 fecti
394 2711 664 2765 glossematis
696 2712 836 2766 specie
857 2711 979 2754 initio
1009 2711 1194 2754 fortasse
1214 2711 1402 2754 numeris
1434 2712 1618 2755 solutum
1649 2717 1767 2756 ante-
