2052 3172
989 172 1043 211 28

252 308 390 359 vocat,
421 316 602 359 quorum
631 307 783 347 neuter
813 306 1068 349 sententiam
1090 316 1209 349 suam
1231 316 1309 358 pro
1330 306 1525 349 terminis
1546 318 1762 359 censurae,

254 385 380 428 quam
411 376 512 416 tunc
542 371 742 427 agebant,
784 374 966 428 amplius
997 374 1187 417 elocutus
1219 376 1298 426 est,
1360 374 1764 428 (‚Beachtenswerth

253 442 312 484 ist
348 441 417 484 die
453 441 660 485 Athetese
696 455 779 485 von
815 446 1038 485 135-137
1069 467 1127 473 -
1163 455 1196 485 s.
1228 441 1348 484 Anm.
1382 445 1406 484 2
1449 443 1488 485 d.
1521 443 1603 495 St.;
1643 442 1766 485 nicht

253 509 393 552 besser
420 509 624 552 schemen
652 510 743 552 mir
771 510 979 567 ‘libr-igme
1010 514 1091 554 215
1113 510 1141 554 f.
1173 512 1242 541 -‘
1274 509 1336 553 ait
1366 509 1581 553 Dxiatxko
1606 511 1764 555 Jenaer

252 579 591 622 Litteraturzeit.
619 583 725 622 1879
747 593 788 633 p.
811 583 914 632 238;
948 581 1011 632 ‚V.
1036 584 1117 622 215
1139 580 1226 622 und
1248 581 1330 621 216
1361 579 1420 621 ist
1439 579 1530 622 Ref.
1563 580 1764 623 versucht

211 685 213 688 ,
251 646 321 690 fiir
351 647 420 690 ein
436 646 634 690 Glossem
664 659 719 690 zu
737 647 899 690 halten‘
940 648 1178 703 Waynerus
1208 650 1352 691 censet
1371 647 1553 690 Literar.
1573 647 1764 690 Central-

252 714 363 758 blatt
397 720 505 759 1879
535 730 576 770 p.
597 716 712 770 338),
772 716 945 760 Utinam
977 717 1206 772 Hasperus
1235 729 1365 760 unum
1394 716 1500 758 illud
1531 717 1762 770 tetigisset,

251 784 365 837 quod
395 784 676 839 Lanyenium
706 785 750 826 in
779 785 806 826 l.
850 785 943 838 ,Die
974 785 1227 839 Metaphern
1266 785 1324 826 im
1354 784 1652 826 Lateinischen
1681 796 1763 826 von

252 852 431 895 Plautus
450 851 518 895 bis
541 852 780 896 Terentius‘
803 853 1056 896 observasse
1074 853 1267 896 videmus
1298 851 1366 907 (cf.
1384 851 1605 894 Bursiani
1623 852 1760 895 annal.

252 920 394 962 XXXI
430 923 536 962 1883
572 933 612 973 p.
638 923 711 962 36:
765 921 961 963 Animum
998 922 1223 964 advortere
1264 933 1359 963 cum
1395 932 1532 962 accus.
1573 938 1630 955 =
1678 920 1762 971 ,be-

250 987 439 1042 merken‚
469 988 780 1031 wabrnehmen‘
812 992 855 1031 et
886 988 1076 1041 ,strafen‘
1108 1001 1134 1031 a
1153 989 1305 1031 Plauto
1326 1000 1538 1042 nunquam
1559 988 1620 1030 ita
1639 999 1764 1030 usur-

251 1056 346 1109 pari
366 1056 488 1110 Epid.
508 1060 590 1099 215
613 1061 656 1100 et
675 1057 789 1101 Trin.
813 1061 920 1100 1096
953 1059 1154 1111 exceptis,
1186 1070 1291 1111 quos
1312 1057 1428 1100 locos
1449 1057 1548 1100 ideo
1571 1069 1596 1099 a
1611 1057 1762 1099 Plauto

252 1136 336 1166 non
355 1123 571 1178 profectos
592 1137 687 1169 esse
717 1126 987 1179 censendos)!
1028 1126 1175 1181 Neque
1205 1138 1305 1169 vero
1335 1125 1441 1168 illud
1471 1129 1565 1169 erat
1594 1125 1763 1168 silentio

252 1194 624 1248 praetereundum,
656 1195 913 1248 scripturam
943 1195 1024 1238 loci
1046 1195 1291 1238 iamdudum
1322 1194 1470 1237 doctos
1490 1207 1678 1246 vexasse,
1711 1194 1763 1238 cf.

251 1260 405 1316 Rappi
422 1262 450 1305 1.
483 1262 576 1315 ,Die
595 1263 910 1317 plautinischen
931 1264 1200 1318 Lustspiele‘,
1222 1264 1294 1318 qui
1314 1264 1456 1306 nescio
1475 1275 1559 1317 qua
1579 1262 1763 1306 editione

252 1330 320 1373 vel
349 1331 531 1374 lectione
561 1332 730 1374 innixus
760 1333 957 1386 personis
993 1333 1169 1376 mutatis
1211 1346 1249 1375 v.
1274 1334 1499 1375 215—216
1541 1332 1602 1374 ita
1631 1332 1763 1374 inter-

252 1402 473 1452 pretatur:

254 1533 264 1543 .
283 1533 293 1543 .
310 1533 320 1544 .
353 1501 424 1544 Sie
440 1502 759 1556 wegzufischen,
779 1503 934 1545 denkst
952 1503 1010 1545 du
1029 1503 1132 1545 wie?
1164 1471 1340 1557 Periph.
1365 1502 1439 1545 Ich
1454 1502 1565 1558 hort'
1584 1514 1629 1544 es
1645 1514 1761 1555 gern.

254 1569 387 1625 Epid.
419 1570 499 1613 Die
519 1571 700 1614 meisten
721 1572 873 1614 fiihren
893 1575 1061 1615 unterm
1083 1571 1208 1614 Kleid
1238 1571 1315 1614 das
1334 1571 1442 1614 Netz
1463 1570 1703 1621 versteckt.
1723 1604 1732 1612 .
1753 1603 1762 1613 .

369 1672 434 1716 Ne
464 1673 616 1728 longus
646 1674 749 1718 sim:
791 1674 828 1718 si
858 1675 952 1718 iure
982 1674 1209 1731 Lanyenio
1243 1673 1608 1728 ,animadvertere‘
1648 1672 1763 1716 vocis

254 1745 473 1784 structura
512 1743 795 1796 suspicionem
834 1744 1073 1797 commovit,
1116 1744 1366 1786 emendandi
1416 1743 1528 1785 viam
1569 1742 1763 1794 equidem

253 1800 424 1864 ingredi¹
451 1810 562 1854 malo
592 1824 720 1865 quam
761 1812 941 1855 eiciendi
978 1816 1022 1855 et
1052 1813 1228 1866 exempl.
1270 1825 1334 1866 gr.
1368 1810 1635 1854 scribendum
1664 1822 1763 1864 pro-

251 1891 388 1932 pono:

252 1981 339 2024 Eos
360 1980 602 2035 captabant.
645 1959 788 2038 Atque
817 1984 932 2035 adeo,
965 1984 1037 2037 qui
1067 1983 1260 2026 maxume
1280 1982 1466 2025 animum
1492 1981 1763 2033 advorteriin,

252 2049 488 2104 Pleraeque
520 2063 595 2094 eae
624 2052 701 2094 sub
732 2052 1002 2095 vestimentis
1033 2052 1176 2095 secum
1206 2050 1421 2094 habebant
1450 2050 1572 2094 retia.

366 2137 504 2179 Alteri
545 2138 726 2191 denique
768 2151 918 2181 versus
954 2142 1034 2180 261
1070 2151 1158 2192 sqq.
1179 2171 1188 2189 ,
1226 2138 1379 2191 quibus
1408 2137 1611 2190 Epidicus
1641 2137 1765 2189 longe

252 2217 300 2249 se
329 2205 481 2249 abesse
511 2206 684 2250 simulat
713 2220 739 2251 a
769 2207 1002 2262 cupiditate
1033 2207 1198 2251 duobus
1224 2204 1397 2250 senibus
1417 2205 1637 2261 proprium
1667 2217 1765 2248 con-

252 2274 393 2316 silium
422 2275 680 2326 venditandi,
719 2277 919 2319 nimirum
955 2276 1068 2329 quod
1096 2287 1245 2317 verum
1275 2275 1497 2317 consilium
1532 2275 1594 2316 ita
1623 2276 1765 2315 astute

252 2342 376 2396 celat,
416 2346 505 2387 tam
541 2344 773 2388 necessarii
809 2348 910 2389 sunt
947 2344 1001 2388 ad
1031 2343 1271 2399 argumenti
1302 2343 1673 2395 continuationem,
1716 2345 1766 2387 ut

252 2412 415 2454 maiora
457 2414 778 2456 retractationis
823 2414 1077 2457 documenta
1120 2425 1226 2466 opus
1271 2413 1360 2455 sint
1402 2425 1528 2466 quam
1574 2412 1767 2466 Hasperi

252 2480 394 2534 opinio
425 2494 465 2534 ,a
493 2484 778 2526 retractatore
807 2482 964 2526 adiecti
983 2482 1085 2524 mihi
1106 2481 1331 2534 videntur‘,
1362 2481 1617 2535 praesertim
1637 2493 1766 2533 quum

252 2549 346 2602 ipse
377 2550 638 2593 concesserit
679 2562 732 2593 ne
768 2551 962 2594 lacunam
997 2550 1167 2604 quidem
1205 2553 1305 2603 post
1334 2552 1416 2592 266
1458 2561 1553 2592 cum
1591 2548 1765 2590 Goetxio

252 2630 348 2661 esse
379 2618 670 2662 statuendam:
703 2632 802 2662 nam
831 2618 963 2662 verba
993 2619 1200 2672 optimum
1229 2617 1387 2661 habere
1419 2618 1685 2671 explicatum.

364 2703 455 2747 Iam
485 2707 649 2759 septem
678 2704 741 2747 illi
771 2716 920 2748 versus
952 2701 1176 2752 229—35
1206 2706 1307 2747 sunt
1337 2702 1533 2757 adeundi,
1575 2702 1647 2758 qui
1678 2705 1765 2746 tam

251 2773 484 2816 multorum
516 2773 942 2828 doctissimorumque
972 2773 1142 2827 ingenia
1171 2776 1372 2816 vexantes
1395 2773 1566 2827 spuriae
1587 2772 1764 2826 originis
