2052 3172
960 192 1014 232 45

233 338 384 372 servus
413 340 565 371 manus
593 340 678 371 non
709 328 829 383 prius
859 328 1083 370 solvendas
1115 328 1311 382 porrigit,
1343 340 1469 382 quam
1498 340 1628 371 senex
1657 326 1740 381 ipsi

234 399 417 453 primum
446 410 607 450 soccos,
649 398 847 450 tunicam,
889 397 1077 451 pallium,
1118 401 1209 440 tum
1238 396 1481 441 libertatem
1521 397 1743 452 cibumque

235 466 442 520 supplicio
484 478 531 508 se
572 466 772 508 daturum
809 466 1062 519 polliceatur
1099 469 1228 519 atque
1267 466 1397 508 etiam
1435 466 1618 509 iniuriae
1656 477 1741 508 non

234 535 379 579 illatae
418 535 584 578 veniam
623 537 745 589 petat
782 547 808 577 a
838 547 962 577 servo
1001 534 1416 588 magnificentissime
1456 548 1502 578 se
1542 536 1740 588 iactante,

234 599 360 660 quem
399 617 523 648 cruce
562 604 797 660 digniorem
841 615 937 647 esse
976 616 1102 658 quam
1139 604 1328 658 praemio
1373 608 1617 659 spectantes
1657 617 1740 648 non

234 674 356 728 fugit,
398 675 534 717 satius
576 674 682 717 duco
717 677 918 726 suspecta
961 673 1036 716 illa
1076 674 1280 718 vocabula
1329 686 1556 727 ,nunquam
1599 674 1740 717 hercle

234 743 372 787 hodie‘
404 732 588 786 secundo
618 743 709 786 loco
734 745 900 785 mutare
921 768 975 773 -—
995 741 1231 796 siquidem
1260 742 1424 784 medela
1453 755 1560 796 opas
1589 746 1662 796 est,
1684 767 1741 774 —-

210 815 281 854 ·et
310 823 374 854 ex.
406 824 471 864 gr.
504 811 696 854 conicere

320 902 456 945 Nune
484 902 576 945 iam
605 902 747 946 hercle
776 902 914 955 hodie,
944 906 986 944 si
1014 903 1111 945 med
1139 902 1337 955 orasseis,
1370 902 1509 946 solves
1540 907 1618 946 etc.

236 995 306 1038 Sic
351 1008 498 1038 servus
542 995 683 1049 lepide
721 1007 856 1049 usque
899 995 954 1037 ad
992 994 1117 1037 finem
1154 995 1365 1049 gradatim
1402 1007 1524 1037 senes
1563 996 1740 1038 minoris

235 1064 354 1107 facit:
395 1077 494 1108 nam
532 1077 661 1118 quum
695 1065 779 1107 iam
820 1077 969 1107 manus
999 1064 1222 1107 solvendas
1251 1064 1448 1125 porrigit,
1488 1064 1740 1117 Periphanis

238 1133 510 1177 sedulitatem
539 1133 732 1177 retardat
761 1133 917 1176 iterum
947 1145 1238 1187 summumque
1267 1132 1475 1186 postulat:

233 1225 351 1268 Jetzt
393 1228 534 1279 magst
578 1225 636 1268 du
679 1225 805 1268 heute
847 1225 977 1277 mich,
1023 1226 1168 1267 traun!
1211 1249 1268 1255 -—
1307 1223 1474 1279 wofern
1513 1224 1573 1265 du
1609 1226 1740 1268 sehon

1082 1293 1224 1335 bittest
1250 1292 1372 1346 noch,
1404 1293 1534 1336 losen.

349 1374 536 1427 Accedit,
561 1373 690 1428 quod
730 1379 844 1417 certe
884 1374 967 1416 iam
1009 1373 1115 1416 satis
1158 1385 1428 1428 compressus
1468 1377 1535 1416 est
1572 1372 1740 1416 fabulae

234 1441 343 1494 finis,
376 1446 419 1484 et
439 1454 691 1496 quamquam
713 1455 805 1496 sup.
828 1455 922 1496 pag.
940 1446 994 1484 20
1012 1454 1100 1496 sqq.
1123 1443 1231 1484 hanc
1250 1455 1341 1484 rem
1363 1443 1543 1495 simplici
1573 1443 1740 1485 ratione

235 1511 460 1565 explanare
488 1510 764 1563 instituimus,
808 1515 950 1554 tamen
989 1511 1099 1553 male
1129 1511 1279 1553 Plauto
1322 1523 1417 1553 eum
1449 1510 1739 1553 existimamus

233 1592 393 1622 morem
425 1592 587 1633 gerere,
630 1580 711 1633 qui·
732 1580 798 1622 vel
827 1579 1045 1621 minimum
1083 1592 1134 1621 ex
1163 1580 1314 1622 ultima
1354 1592 1480 1622 scena
1509 1583 1739 1622 removeat.

347 1706 494 1748 Liceat
523 1705 602 1747 hoc
631 1705 722 1748 loco
752 1705 913 1748 leviora
949 1705 1154 1758 quaedam
1184 1717 1389 1759 perquam
1423 1704 1616 1747 breviter
1644 1717 1741 1758 per-

236 1774 447 1828 stringere
489 1777 616 1827 atque
656 1773 890 1827 attingere,
936 1785 1045 1827 quae
1084 1774 1122 1816 si
1161 1786 1291 1827 supra
1330 1774 1568 1828 quaestioni
1608 1774 1741 1817 admi-

233 1844 503 1895 scuissemus‚
535 1842 884 1896 gravissimarum
912 1850 1056 1885 rerum
1085 1845 1329 1886 contextum
1357 1843 1501 1897 inique
1530 1843 1741 1886 turbavis-

235 1924 389 1955 semus.
448 1912 588 1965 Atque
624 1911 807 1964 primum
843 1912 886 1953 in
923 1911 1170 1966 Lanyrehml
1213 1912 1437 1966 scrupulos
1480 1912 1740 1966 inquiramus

235 1981 260 2022 l.
280 1993 313 2022 s.
332 1993 365 2022 s.
389 1993 428 2033 p.
457 1982 506 2021 16
523 1991 612 2032 sqq.
641 1979 813 2032 relatos,
841 1979 992 2033 quibus
1013 1992 1121 2033 quae
1141 1980 1185 2022 in
1206 1981 1380 2023 dubium
1399 1984 1606 2022 vocantur
1626 1980 1739 2022 haud

235 2048 322 2090 scio
352 2059 405 2090 an
437 2047 577 2091 omnia
605 2047 660 2089 ad
690 2048 885 2090 unumsi
919 2060 1003 2090 non
1033 2048 1182 2100 teneri,
1216 2051 1358 2091 tamen
1389 2048 1530 2091 sanari
1559 2049 1737 2101 possint.

350 2116 472 2166 Quod
487 2116 601 2158 enim
614 2116 668 2157 ad
690 2115 832 2162 v.107
849 2116 976 2170 (Ox.)
996 2120 1141 2159 monet
1155 2117 1309 2159 mirum
1326 2129 1432 2168 esse,
1455 2117 1492 2159 si
1507 2116 1740 2159 Chaeribu-

237 2184 304 2228 lus
324 2184 622 2238 Stratippoclis
652 2185 830 2228 amicam
855 2198 1007 2239 yenere
1033 2188 1295 2240 proynatam
1321 2184 1430 2227 bono
1461 2184 1588 2238 dicat,
1619 2185 1739 2228 cuius

236 2254 356 2307 origo
387 2266 438 2296 ex
467 2254 667 2297 universa
696 2253 864 2297 fabulae
893 2254 1058 2297 ratione
1087 2267 1140 2297 ne
1170 2253 1295 2296 fratri
1325 2254 1494 2308 quidem
1530 2258 1633 2297 nota
1667 2255 1738 2308 sit,

235 2322 301 2364 νὴ*
329 2323 478 2365 doctus
508 2323 553 2365 id
581 2326 698 2366 certe
726 2323 914 2376 neglexit
933 2322 1232 2366 Chaeribulum
1261 2323 1365 2365 nihil
1394 2323 1510 2365 aliud
1540 2323 1740 2366 videlicet

234 2390 441 2443 proferre,
463 2402 589 2444 quam
609 2403 716 2445 quae
737 2390 792 2434 ab
812 2391 885 2434 illo
905 2391 1102 2443 audierit,
1125 2390 1455 2444 Stratippoclem
1474 2403 1577 2444 ergo
1599 2392 1737 2445 ipsum

235 2460 326 2502 sine
356 2458 485 2502 dubio
503 2461 688 2513 puellam
719 2459 846 2512 ,bono
866 2472 1022 2513 genere
1042 2462 1198 2502 natam‘
1229 2458 1485 2511 exhibuisse,
1516 2472 1599 2502 non
1625 2461 1739 2514 quod

234 2528 287 2571 de
316 2527 565 2582 parentibus
601 2529 694 2572 eius
728 2528 958 2583 quidquam
993 2528 1258 2583 compererit,
1298 2527 1380 2570 sed
1414 2527 1514 2581 quia
1549 2527 1740 2571 moribus

237 2598 326 2640 suis
344 2598 528 2651 ingenua
545 2598 583 2641 ei
598 2597 842 2651 videbatur3
863 2610 999 2651 neque
1015 2598 1128 2640 enim
1150 2597 1240 2640 veri
1255 2596 1459 2639 dissimile
1474 2600 1543 2640 est
1562 2598 1740 2641 amicam

236 2666 428 2710 consulto
443 2666 755 2710 adulescentem
770 2667 958 2721 spuriam
978 2666 1184 2720 originem
1205 2665 1366 2708 celasse
1386 2668 1462 2708 aut
1482 2666 1612 2709 etiam
1632 2665 1742 2710 falsa

235 2736 546 2788 pronuntiasse.
591 2735 789 2779 Ceterum
810 2735 994 2777 Weisius
1024 2747 1190 2788 quoque
1212 2734 1392 2777 eundem
1413 2747 1451 2776 v.
1472 2738 1551 2777 107
1575 2736 1741 2789 vitupe-

235 2807 305 2846 rat
325 2797 623 2859 Stratippoclis
646 2804 854 2860 pzidorem
875 2803 1072 2861 ineptum
1096 2805 1252 2858 dicens,
1275 2815 1404 2857 quum
1426 2802 1740 2848 adulescentem
