2052 3172
976 85 1025 123 17

245 223 438 279 recipiat,
494 224 538 264 et
592 231 864 275 quaecunque
922 220 1083 262 amicus
1133 216 1363 271 Periphani
1411 215 1580 258 nuntiat
1639 215 1752 257 inter

255 292 438 336 eundum
470 303 521 333 ex
551 289 636 332 illis
667 289 826 342 audita,
857 289 901 332 id
931 302 1061 332 unum
1091 290 1205 331 certe
1234 286 1288 328 iis
1317 288 1592 337 monstratur,
1629 296 1754 338 quam

246 362 369 404 docte
399 360 538 413 ipsum
557 358 759 412 Epidicus
780 357 923 400 dolum
944 356 1163 408 celaverit3
1195 368 1277 408 quo
1299 354 1342 396 id
1375 366 1542 408 quoque
1572 357 1750 407 spectat,

246 428 359 483 quod
388 439 477 470 rem
509 426 694 469 divinam
731 426 847 468 illam
886 437 964 480 pro
1000 424 1087 468 filio
1117 424 1210 467 fieri
1241 423 1386 466 dicens
1415 435 1500 465 non
1540 426 1629 464 tam
1659 420 1753 464 fidi-

245 498 365 540 cinae
395 495 575 550 imponit
605 519 661 525 —-
692 494 811 537 cuius
841 493 1041 546 nimirum
1075 493 1247 535 minime
1278 492 1472 544 interest,
1512 503 1596 544 qua
1626 501 1755 532 causa

246 565 337 608 seni
366 564 480 606 domi
510 566 634 606 canat
665 587 732 614 ——,
772 574 898 616 quam
927 562 1130 616 Apoecidi
1166 561 1350 615 speciem
1380 560 1558 615 praebet
1594 572 1640 603 se
1670 561 1755 604 cal-

245 633 453 677 lidissime
483 635 674 686 tempore
703 643 824 674 usum
846 631 1098 686 Periphanis
1127 633 1274 685 partes
1296 630 1442 673 dolose
1472 630 1621 683 tutari,
1652 642 1755 683 qua-

247 706 425 759 propter
455 701 582 744 etiam
612 699 665 743 ab
695 701 774 743 hoc
803 700 1002 742 laudatur
1031 701 1085 755 (v.
1104 703 1207 742 416:
1239 703 1413 753 ,rectam
1443 698 1645 753 institit‘).
1691 700 1754 742 De

248 772 397 814 fraude
436 761 578 812 autem
617 782 663 811 re
703 781 805 811 vera
843 769 1042 811 instituta
1071 768 1307 821 Apoecides
1347 781 1484 821 neque
1523 768 1750 821 quidquam

248 839 412 884 audivit
441 851 518 882 nec
548 837 700 881 sensit:
732 849 833 891 ergo
862 836 1016 879 mirum
1046 840 1172 890 esset,
1203 837 1239 879 si
1270 837 1314 878 in
1334 835 1478 879 verbis
1509 836 1600 879 eius
1629 848 1753 890 prae-

249 913 318 952 ter
347 907 599 961 Periphanis
640 906 745 948 illud
785 906 1031 948 mandatum
1072 906 1126 948 ad
1160 905 1352 948 fraudem
1392 905 1654 959 pertinentia
1692 905 1756 947 in-

247 977 502 1021 veniremus.
536 1000 587 1005 —
624 974 818 1017 Alterum
858 976 1001 1016 autem
1042 974 1279 1017 sententiae
1318 986 1420 1016 suae
1460 977 1756 1028 argumentum

247 1044 547 1100 Lanyrehrius
578 1044 644 1085 his
664 1042 806 1085 verbis
836 1042 1017 1096 protulit
1047 1043 1105 1097 (p.
1132 1047 1181 1085 12
1204 1043 1336 1096 sqq.):
1368 1043 1462 1096 ,His
1491 1043 1624 1097 igitur
1651 1043 1756 1086 locis

247 1113 418 1158 fidicina
448 1111 711 1156 conducticia
731 1110 845 1153 nullo
875 1110 999 1154 modo
1021 1111 1238 1166 particeps
1257 1110 1420 1154 fraudis
1442 1114 1520 1164 est,
1553 1111 1630 1155 sed
1660 1111 1755 1165 ipsa

250 1195 416 1236 quoque
448 1180 501 1223 ab
531 1180 709 1233 Epidico
739 1178 914 1221 fallitur.
976 1180 1109 1230 Quam
1139 1180 1353 1222 inscitiam
1384 1180 1475 1222 eius
1504 1192 1589 1222 non
1618 1180 1756 1234 ipsam

247 1250 390 1294 fictam
421 1260 516 1293 esse
545 1260 594 1291 ac
624 1247 878 1300 simulatam,
911 1248 1144 1291 clarissime
1174 1260 1224 1291 ex
1255 1247 1316 1291 eis
1337 1248 1615 1301 concluditur,
1647 1261 1757 1303 quae

247 1323 473 1372 postquam
502 1317 620 1359 fraus
640 1319 733 1358 tota
762 1317 924 1358 corruit
953 1329 1095 1359 coram
1109 1317 1348 1370 Periphane
1369 1317 1461 1371 agit
1480 1320 1609 1370 atque
1639 1317 1755 1359 dicit.

248 1387 400 1430 Libere
430 1385 590 1429 fatetur
620 1397 666 1428 se
696 1384 780 1426 iam
810 1387 909 1427 ante
939 1384 1122 1439 quinque
1143 1397 1277 1428 annos
1306 1384 1610 1428 manumissam
1637 1384 1692 1428 ad
1712 1384 1757 1428 id

250 1458 416 1498 tantum
447 1454 695 1499 conductam
725 1464 833 1505 esse,
864 1456 913 1495 ut
943 1454 1034 1496 seni
1064 1454 1177 1497 inter
1198 1454 1522 1497 sacrificandum
1552 1454 1758 1496 assistat.‘

249 1524 437 1574 Quorum
466 1523 612 1577 priora
642 1521 811 1575 quidem
853 1522 954 1574 quin
996 1526 1112 1567 stare
1141 1536 1225 1565 non
1267 1523 1434 1577 possint
1472 1535 1595 1565 nemo
1635 1521 1759 1565 dubi-

249 1592 371 1644 tabit,
412 1591 484 1644 qui
514 1590 871 1643 argumentationi
907 1594 1080 1633 nostrae
1124 1591 1307 1644 aliquam
1336 1591 1419 1633 vim
1452 1590 1675 1642 concedet;
1717 1590 1760 1631 id

250 1672 376 1702 unum
408 1671 510 1701 sane
540 1657 806 1701 infitiandum
835 1671 919 1701 non
949 1662 1016 1700 est
1035 1657 1248 1702 fidicinam
1278 1672 1326 1702 re
1347 1671 1450 1702 vera
1479 1671 1620 1702 coram
1640 1658 1759 1701 Peri-

251 1722 389 1783 phane
419 1727 481 1769 ita
511 1739 557 1769 se
587 1739 737 1781 gerere
768 1730 811 1769 et
840 1727 1127 1781 sermocinari,
1171 1728 1292 1782 quasi
1321 1728 1427 1770 nihil
1457 1728 1511 1771 de
1551 1727 1647 1770 dolo
1689 1739 1759 1769 su-

251 1797 452 1851 spicetur.
494 1795 610 1847 Quae
640 1808 666 1838 a
696 1795 837 1850 puella
866 1795 1064 1839 instituta
1092 1797 1203 1840 ratio
1234 1810 1361 1851 quum
1392 1797 1454 1839 eis
1484 1808 1662 1851 prorsus
1691 1808 1759 1839 re-

248 1868 421 1919 pugnet,
462 1876 570 1918 quae
609 1863 700 1906 fore
741 1877 793 1906 ex
831 1864 974 1918 priore
1005 1864 1174 1908 fabulae
1213 1869 1337 1920 parte
1377 1868 1671 1919 exspectamus
1704 1889 1756 1895 —

250 1933 365 1976 servi
396 1933 507 1975 enim
536 1936 681 1987 partes
711 1933 892 1975 tuendas
922 1946 1006 1976 non
1036 1937 1205 1976 tutatur
1225 1959 1277 1964 —
1299 1946 1376 1977 nec
1406 1945 1549 1976 rerum
1576 1934 1758 1976 mutatio

250 2002 312 2044 ita
341 2000 510 2044 defendi
539 2002 688 2055 possit,
704 1993 763 2043 'id
792 2001 905 2054 quod
935 2014 1011 2044 suo
1042 2002 1134 2044 iure
1163 2002 1464 2057 Lanyrehrius
1494 2002 1659 2045 monuit
1688 2001 1758 2057 (cf.

250 2082 345 2112 ann.
374 2069 456 2123 16),
487 2072 536 2112 ut
566 2081 735 2112 servum
764 2068 884 2124 prius
915 2070 1136 2113 consilium
1166 2071 1342 2114 meliore
1372 2073 1543 2126 reperto
1565 2071 1761 2114 omisisse

254 2138 457 2188 dicamuS,
489 2138 719 2181 verendum
752 2142 839 2190 est,
879 2151 933 2181 ne
962 2140 1028 2181 vir
1068 2140 1139 2182 ille
1170 2140 1319 2182 doctus
1359 2144 1476 2182 recte
1517 2140 1758 2193 argumenti

252 2207 598 2262 depravationem
628 2219 803 2261 eamque
824 2207 1169 2251 socordissimum
1200 2208 1550 2263 interpolatorem
1579 2207 1760 2263 proden-

252 2279 339 2318 tem
381 2276 604 2327 detexerit,
646 2276 729 2318 nisi
768 2276 891 2319 nobis
933 2277 1162 2330 continget,
1203 2281 1251 2319 ut
1294 2277 1620 2320 ratiocinatione
1661 2289 1758 2329 pro-

254 2343 439 2388 babilius
470 2344 631 2399 aliquid
661 2344 921 2399 indagemus.

366 2413 536 2456 Etenim
567 2412 668 2467 quid
709 2417 788 2465 est,
821 2425 991 2467 quaese,
1034 2426 1110 2456 cur
1137 2415 1189 2456 in
1220 2415 1405 2470 Epidico
1447 2415 1624 2468 eiusque
1648 2425 1756 2467 pro-

252 2481 403 2523 missis
433 2482 598 2524 consilii
636 2482 885 2525 mutationis
915 2482 1059 2524 sedem
1099 2484 1309 2537 suspicari
1338 2496 1464 2537 quam
1493 2482 1545 2524 in
1574 2481 1760 2536 fidicina

252 2540 475 2592 malimus‘»>
523 2549 672 2592 Nonne
702 2550 790 2592 veri
812 2550 992 2593 similius
1018 2554 1085 2593 est
1106 2563 1275 2594 servum
1294 2550 1456 2594 fraudis
1477 2550 1761 2604 perficiendae

254 2630 382 2662 causa
410 2632 459 2662 re
482 2627 586 2661 'vera
615 2619 781 2672 puellae
821 2620 961 2662 omnia
996 2620 1150 2674 dicere,
1181 2634 1289 2675 quae
1320 2621 1363 2662 in
1393 2633 1441 2663 re
1471 2620 1569 2662 usui
1599 2620 1689 2663 sint
1718 2623 1763 2662 ct

253 2685 380 2729 claris
410 2685 552 2730 verbis
582 2690 630 2729 ut
660 2687 849 2730 docenda
878 2688 1047 2742 saepius
1077 2689 1334 2740 referuntur,
1369 2687 1583 2731 fidicinam
1613 2692 1764 2731 contra
