2814 3590
0 1165 25 1524 imi-'²00¹'

1480 268 1533 310 29

750 404 997 458 suspicione
1038 405 1143 448 adeo
1185 417 1268 448 non
1304 417 1351 447 se
1389 406 1669 457 resolverunt,
1711 408 1761 446 ut
1789 404 2072 458 patrocinium
2113 415 2257 446 eorum

754 474 971 528 suscipere
1000 486 1134 528 paene
1163 474 1395 517 verendum
1425 475 1493 518 sit.
1547 474 1591 517 si
1621 473 1892 517 nihilominus
1921 473 1965 515 in
1985 473 2063 515 bac
2093 485 2258 527 quoque

755 555 803 584 re
832 542 1135 595 periclitamur,
1166 555 1295 602 quum
1324 543 1428 585 locis
1459 555 1542 585 non
1579 543 1671 585 sine
1710 542 1837 594 omni,
1868 542 1905 583 si
1935 541 2002 584 dis
2031 542 2185 595 placet,
2216 542 2257 583 vi

757 610 951 653 vincendi
996 610 1132 653 adhuc
1162 611 1357 653 tractatis
1393 615 1486 653 tum
1513 611 1567 653 A.
1594 610 1798 665 Spengeli
1825 610 2069 652 recensione
2105 610 2262 652 disser-

753 679 930 722 tationis
983 679 1061 730 ,De
1098 678 1238 721 Plauti
1267 679 1500 722 Aulularia‘
1543 691 1569 721 a
1606 679 1658 720 G.
1691 678 1897 732 Waynero
1937 678 2110 720 Bonnae
2148 690 2258 720 anno

759 751 868 791 1864
898 747 1038 791 editae
1068 747 1324 801 impellimur
1365 747 1465 803 (vid.
1498 748 1584 791 Eos
1620 750 1726 790 1865
1758 760 1798 801 p.
1829 746 1938 800 113),
1978 745 2053 789 ubi
2083 746 2137 789 de
2165 747 2258 790 loco

754 817 977 860 tractando
1008 817 1169 870 scripta
1198 817 1459 860 invenimus:
1506 817 1639 871 ,Auch
1670 817 1746 859 der
1777 816 1958 870 Anhang
1996 815 2103 858 iiber
2125 816 2257 870 Epid.

752 886 864 940 11‚2,
882 889 934 929 38
965 884 1200 940 iiberzeugt
1237 886 1354 928 nicht
1384 887 1478 929 etc‘.
1539 888 1629 940 Age
1660 881 2124 939 conside1·emuS,'num
2160 886 2258 928 doc-

754 956 945 998 tissimus
976 956 1042 997 vir
1071 955 1132 997 ita
1160 959 1276 998 recte
1306 955 1580 998 recensuerit.

868 1024 1029 1066 Eorum
1074 1024 1196 1074 enim,
1243 1024 1315 1076 qui
1359 1036 1397 1065 v.
1422 1026 1501 1066 229
1535 1036 1623 1077 sqq.
1671 1024 1841 1066 omnino
1887 1027 1935 1065 ut
1978 1023 2259 1076 interpolatos

755 1092 897 1134 delere
916 1093 1076 1145 volunt,
1114 1091 1166 1133 G.
1194 1091 1431 1145 Waynems
1460 1092 1487 1133 l.
1511 1104 1544 1134 s.
1568 1105 1617 1144 s.‚
1649 1105 1773 1146 quem
1795 1104 1945 1134 rursus
1966 1092 2008 1133 in
2030 1091 2094 1134 ed.
2116 1091 2256 1133 Aulul.

754 1159 991 1213 (Canterb.)
1031 1172 1128 1213 pag.
1155 1163 1232 1201 129
1272 1172 1365 1201 ann.
1407 1159 1461 1201 ad
1490 1172 1528 1201 v.
1549 1163 1629 1201 471
1654 1172 1743 1213 sqq.
1776 1159 1977 1211 defendit,
2020 1164 2064 1202 et
2094 1160 2257 1213 primus

754 1231 798 1270 et
828 1228 943 1271 solus
974 1241 1064 1271 rem
1094 1228 1310 1271 subtiliter
1338 1232 1588 1282 persecutus
1620 1232 1697 1281 est,
1729 1229 2004 1283 quippecuius
2034 1241 2257 1282 argumen-

754 1297 823 1350 tis,
856 1297 968 1351 quod
997 1309 1074 1339 nos
1104 1296 1273 1350 quidem
1318 1297 1610 1351 comperimus,
1656 1301 1894 1340 ceterorum
1936 1310 2058 1340 nemo
2104 1310 2257 1340 novum

755 1365 983 1419 quidquam
1014 1365 1239 1408 addiderit.
1286 1365 1433 1419 Neque
1462 1365 1628 1418 desunt,
1660 1378 1767 1419 quae
1797 1369 1914 1409 recte
1932 1365 2004 1408 ille
2033 1366 2257 1418 monuerit,

753 1446 1005 1488 quamquam
1035 1434 1079 1475 in
1109 1434 1202 1486 ipso
1234 1434 1494 1486 quaestionis
1524 1434 1706 1486 cardine,
1738 1437 1788 1476 ut
1806 1434 1869 1476 ita
1889 1433 2038 1484 dicam,
2068 1445 2160 1475 rem
2180 1446 2258 1476 acu

754 1516 836 1545 non
866 1502 1023 1556 tetigit.
1073 1501 1181 1544 Nam
1205 1501 1316 1555 quod
1340 1514 1436 1556 pag.
1460 1504 1513 1543 33
1546 1501 1716 1544 scribit:
1749 1501 1919 1555 ,Mirum
1940 1504 2018 1554 est,
2048 1501 2257 1544 neminem

753 1572 890 1614 adhuc
920 1571 1283 1622 animadvertisse,
1326 1583 1451 1624 quam
1482 1571 1722 1624 importune
1761 1571 1835 1613 illa
1870 1571 1923 1613 de
1952 1573 2256 1612 matronarum

753 1640 856 1683 luxu
896 1639 1102 1693 expositio
1142 1639 1211 1681 hic
1251 1639 1309 1682 sit
1345 1639 1533 1682 intrusa:
1579 1639 1647 1682 hic
1687 1639 1796 1682 enim
1835 1652 1918 1682 non
1959 1639 2012 1682 de
2050 1638 2255 1682 matronis

755 1710 890 1763 deque
921 1721 1066 1751 earum
1103 1708 1205 1751 luxu
1237 1720 1374 1751 sermo
1416 1712 1483 1751 est
1512 1721 1546 1751 e.
1570 1721 1607 1762 q.
1633 1710 1681 1750 s.‘
1722 1707 1854 1751 totius
1893 1709 1974 1751 loci
2013 1712 2255 1751 contextum

753 1778 995 1832 percepisse
1037 1777 1206 1819 videtur
1248 1780 1296 1819 ut
1335 1777 1406 1830 qui
1445 1777 1627 1820 minime.
1699 1777 1808 1828 Quid
1848 1777 1989 1819 enim?
2049 1777 2259 1820 Graviora

753 1849 1003 1899 argumenta
1042 1845 1343 1898 desideramus,
1391 1845 1548 1899 quibus
1589 1850 1880 1888 matronarum
1929 1846 2139 1896 luxuriem
2179 1846 2259 1888 hoc

753 1915 845 1958 loco
892 1914 1125 1968 perstringi
1176 1916 1451 1967 monstretur,
1503 1927 1628 1968 quam
1674 1927 1782 1968 quae
1827 1913 2066 1969 Waynems
2110 1914 2260 1957 attulit

754 1982 962 2025 scribens:
1003 1983 1062 2034 ‚Si
1099 1983 1194 2035 quis
1223 1995 1324 2025 vero
1368 1995 1405 2024 v.
1431 1987 1480 2024 51
1520 1984 1581 2025 ita
1611 1984 1802 2037 accipere
1832 1983 2028 2035 voluerit,
2069 1986 2119 2025 ut
2148 1983 2256 2036 ,viri‘

752 2052 948 2094 universe
978 2051 1174 2094 dicantur
1202 2064 1338 2105 neque
1369 2052 1455 2094 sint
1484 2065 1561 2106 pro
1593 2052 1800 2105 ,maritis‘,
1832 2052 1872 2095 ei
1893 2051 2073 2106 simplici
2094 2052 2259 2094 ratione

753 2132 975 2162 occurrere
1004 2131 1243 2173 possumus.
1304 2119 1412 2162 Nam
1442 2120 1659 2174 patagium
1699 2124 1765 2163 est
1796 2121 1951 2172 clavus,
1989 2133 2113 2174 quem
2144 2120 2259 2162 solae

683 2213 688 2218 ·
753 2192 972 2232 matronae
1002 2188 1192 2231 vestibus
1223 2189 1311 2231 suis
1341 2187 1612 2242 adhibebant,
1643 2189 1890 2232 meretrices
1921 2201 2071 2243 gerere
2101 2188 2259 2231 vetitae

754 2258 888 2310 erant,
930 2257 980 2300 cf.
1012 2256 1245 2310 Boettiyeri
1283 2256 1481 2299 Sabinam
1511 2271 1550 2311 p.
1575 2261 1655 2299 359
1689 2261 1732 2300 et
1763 2257 1844 2300 377
1877 2270 1916 2300 n.
1941 2259 1994 2300 3‘.
2055 2257 2175 2299 Hanc
2215 2257 2257 2298 in

753 2340 843 2369 rem
873 2327 910 2369 si
938 2325 1178 2369 accuratius
1199 2325 1462 2379 inquirimus,
1495 2326 1547 2368 ab
1568 2327 1690 2368 initio
1711 2327 1932 2369 Plautinae
1953 2325 2107 2369 aetatis
2128 2325 2257 2379 prisci

754 2407 892 2437 mores
930 2397 1031 2437 sunt
1065 2394 1298 2447 repetendi,
1336 2394 1434 2436 dum
1472 2394 1614 2448 aliqua
1644 2393 1710 2437 vel
1746 2407 1890 2438 rerum
1929 2395 1996 2437 vel
2031 2393 2257 2437 verborum

754 2464 1081 2506 inconcinnitate
1110 2464 1439 2517 interpolatores
1474 2463 1516 2506 in
1553 2476 1720 2506 scenam
1755 2467 1975 2518 grassatos
2006 2475 2101 2506 esse
2135 2462 2257 2505 nobis

753 2533 1109 2587 persuaserimus:
1140 2546 1237 2576 nam
1256 2533 1299 2575 in
1319 2532 1473 2585 Plauti,
1496 2536 1545 2575 ut
1562 2533 1689 2587 vulgo
1710 2536 1899 2587 putatur,
1922 2530 2067 2575 fabula
2087 2544 2257 2586 suspec-

753 2606 821 2645 tos
852 2614 1000 2644 versus
1030 2602 1277 2644 invenimus.

868 2671 1007 2725 Atque
1036 2671 1219 2725 primum
1247 2670 1417 2725 quidem
1437 2670 1749 2714 concedendum
1779 2673 1845 2713 est
1865 2669 2005 2712 Plauti
2036 2682 2139 2712 aevo
2171 2669 2257 2712 dis-

754 2741 1015 2793 crepantiam
1050 2740 1166 2782 illam
1204 2738 1376 2782 habitus
1411 2740 1659 2782 matronalis
1700 2739 2013 2792 meretriciique
2049 2739 2256 2792 viguisse;

753 2821 851 2852 nam
881 2808 963 2852 etsi
1001 2812 1119 2851 certa
1154 2808 1309 2852 desunt
1344 2808 1408 2852 rei
1445 2808 1694 2852 documenta
1729 2819 1806 2850 nec
1843 2807 1949 2850 satis
1985 2806 2132 2862 liquet,
2175 2821 2257 2864 qua

753 2877 847 2932 lege
883 2877 1056 2921 cancelli
1096 2877 1158 2919 illi
1193 2878 1280 2920 sint
1314 2878 1457 2930 positi,
1495 2877 1567 2930 qui
1602 2881 1754 2932 postea
1790 2875 1948 2918 saeculi
1985 2875 2259 2929 improbitate
