2052 3172
1012 117 1059 155 11

284 262 310 292 a
338 249 395 292 R.
429 238 620 292 Mc‘ae'llero
657 249 686 292 l.
718 261 751 292 s.
784 261 818 292 s.
849 263 889 304 p.
918 254 967 293 16
997 251 1242 306 indagatam
1281 252 1324 292 et
1354 248 1624 292 Ambrosiani
1659 248 1787 292 titulo

284 330 434 362 scenae
454 319 640 373 praefixo
671 333 697 362 a
719 319 1016 362 Studemundo
1047 314 1226 372 ‚de'vid.
1249 318 1402 362 Plaut.‘
1432 331 1472 372 p.
1492 322 1547 361 20
1575 316 1787 360 firmatam

281 386 350 443 (cf.
381 387 510 431 etiam
538 390 710 442 praeter
746 387 976 430 Goetxium
1004 387 1275 430 Lorenxium
1310 387 1354 428 in
1390 385 1610 427 Bursiani
1647 385 1784 428 annal.

283 456 386 510 phil.
416 456 518 499 XVI
546 457 696 512 (1878)
728 457 808 500 vol.
828 457 874 500 H
901 470 941 511 p.
969 458 1062 510 103,
1088 456 1132 499 G.
1151 456 1205 499 F.
1225 455 1288 498 W.
1306 454 1552 498 Mallerum
1581 454 1625 497 in
1644 453 1784 497 Plaut.

263 524 459 569 'Prosod
504 538 545 580 p.
579 529 660 569 295
697 525 859 581 annot.)
899 526 962 569 ita
999 524 1089 569 fere
1125 525 1360 580 explemus:
1404 523 1527 577 Quod
1563 523 1617 567 ad
1653 521 1786 567 filium

282 594 449 647 attinet,
480 594 685 648 optimum
716 595 799 638 erit
829 595 920 638 sine
950 607 1070 638 mora
1090 619 1144 626 —
1167 595 1277 638 ohne
1306 594 1389 636 viel
1409 593 1688 637 Federlesens
1709 593 1788 634 mit

199 648 210 662 ’
281 660 369 704 ihm
398 674 452 705 zu
480 662 655 705 macheu
685 687 740 695 —
769 663 1015 718 prospicere
1046 664 1259 717 ,continuo
1279 668 1330 706 ut
1347 662 1527 705 maritus
1555 660 1658 714 fiat‘,
1688 673 1784 704 sen-

283 729 443 773 tentiae
464 731 802 775 commodissime
822 731 884 775 ita
905 742 952 774 se
974 732 1199 786 excipiunt,
1222 735 1272 774 ut
1290 731 1553 786 posteriores
1584 742 1608 772 e
1627 729 1784 784 priori-

281 798 360 841 bus
389 802 605 852 tamquam
635 804 758 843 natas
787 800 1076 856 videamus.¹¹)
1121 801 1230 843 Nam
1259 812 1368 854 quae
1401 797 1702 853 Lanyrehrius
1729 797 1784 840 de

282 867 552 909 consiliorum
571 869 898 912 commutatione
918 869 1075 925 alioqui
1095 881 1302 924 nusquam
1318 871 1551 923 apparente
1567 866 1782 918 disseruit,

281 936 351 978 vix
381 940 497 979 stare
526 941 717 990 possunt.
764 938 885 982 Licet
903 939 1013 982 enim
1036 951 1087 982 ex
1106 939 1189 990 11‚1
1224 937 1482 983 vconiciamus
1503 935 1783 990 Periphanem

275 1003 471 1059 priorem
501 1005 714 1049 ducendae
744 1006 966 1062 Philippae
1002 1001 1223 1051 consilium
1254 1006 1432 1061 cepisse,
1468 1004 1594 1048 simul
1624 1016 1649 1047 e
1676 1003 1782 1057 loco,

282 1072 335 1114 de
364 1085 447 1126 quo
477 1075 655 1127 agimus,
687 1075 825 1117 elucet
853 1076 970 1118 illum
1001 1088 1096 1118 cum
1124 1075 1259 1118 amico
1289 1087 1380 1117 rem
1409 1073 1784 1117 communicantem

282 1138 412 1192 dubia
430 1142 637 1196 quaedam
658 1143 817 1198 nuptiis
837 1141 1052 1187 obstantia
1081 1143 1287 1198 tetigisse,
1319 1155 1427 1197 quae
1446 1142 1515 1185 hic
1544 1140 1784 1185 accuratius

281 1210 541 1265 investigare
577 1217 621 1254 et
655 1212 870 1255 infirmare
906 1213 1068 1255 studet:
1114 1212 1395 1266 Periphanem
1435 1215 1577 1255 autem
1612 1210 1784 1265 nuptias

282 1278 405 1322 modo
436 1279 550 1323 visas
579 1280 671 1323 iam
700 1294 930 1335 recusasse,
961 1293 1043 1335 quo
1073 1294 1157 1324 una
1187 1281 1294 1324 mira
1325 1280 1491 1324 consilii
1511 1278 1784 1324 commutatio

282 1347 418 1390 evinci
459 1349 609 1402 possit,
655 1351 797 1393 nescio
842 1363 925 1403 qua
967 1363 1016 1392 re
1059 1350 1359 1404 Lanyrehvius
1402 1349 1568 1403 probet.
1637 1348 1783 1402 Neque

282 1415 417 1469 magis
447 1420 615 1460 ceterae
639 1417 782 1473 Weisi,
812 1418 1048 1473 Ladewiyi,
1071 1417 1317 1473 Lanyrekri
1336 1416 1644 1460 haesitationes
1662 1415 1784 1470 quid-

282 1495 407 1537 quam
436 1485 591 1527 valent.
637 1486 744 1531 Nam
776 1490 825 1528 ut
853 1499 876 1529 e
896 1498 1091 1529 sermone
1120 1487 1192 1528 illo
1223 1498 1260 1528 v.
1288 1489 1367 1528 166
1389 1498 1479 1539 sqq.
1511 1485 1628 1527 nullo
1658 1484 1783 1527 modo

281 1552 493 1595 enucleari
524 1557 678 1608 potest,
710 1566 817 1598 num
846 1555 1082 1609 Apoecides
1118 1555 1252 1598 amico
1287 1567 1336 1598 re
1370 1566 1473 1597 vera
1501 1552 1783 1610 persuaserit,

283 1624 332 1663 ut
362 1622 584 1684 consilium
620 1624 864 1677 nuptiarum
900 1623 1106 1678 perficiat,
1142 1624 1204 1665 ita
1239 1623 1432 1666 consulto
1467 1627 1637 1676 poetam
1672 1620 1785 1664 sales

281 1701 319 1732 v.
348 1692 579 1734 ·173—180
616 1691 712 1735 ideo
743 1692 1080 1736 intermiscuisse
1115 1695 1327 1747 putamus,
1364 1694 1413 1734 ut
1447 1690 1674 1746 Apoecidis
1710 1702 1785 1734 ore

280 1758 572 1812 pervulgatam
603 1761 814 1813 quandam
850 1762 964 1804 illius
994 1765 1044 1804 ut
1073 1762 1210 1804 nostri
1246 1761 1339 1804 aevi
1369 1761 1595 1803 stultitiam
1626 1761 1785 1804 ironice

279 1826 556 1881 perstringat,
587 1840 671 1882 qua
700 1829 812 1872 cives
843 1829 986 1884 largas
1016 1829 1138 1872 dotes
1170 1829 1310 1872 venati
1340 1828 1418 1884 pro
1436 1829 1636 1884 ‘paupere
1667 1829 1784 1871 ideo-

280 1906 361 1948 que
390 1891 583 1938 modesta
610 1909 741 1939 uxore
772 1898 955 1952 (qualem
985 1898 1164 1940 alteram
1194 1910 1288 1940 esse
1316 1898 1398 1940 nisi
1421 1897 1658 1951 Apoecides
1687 1909 1784 1951 per-

279 1974 451 2005 suasum
471 1963 661 2017 haberet,
692 1969 808 2009 certe
827 1966 999 2020 nuptias
1019 1966 1109 2008 eius
1137 1978 1221 2008 non
1241 1964 1586 2021 commendaret,)
1615 1977 1784 2008 crucem

278 2032 432 2075 malam
460 2036 576 2076 tecto
605 2035 825 2089 recipiant,
858 2034 909 2078 cf.
940 2047 1004 2078 ex.
1035 2048 1098 2089 gr.
1131 2035 1248 2077 Asin.
1280 2047 1318 2077 v.
1337 2037 1404 2076 87.
1422 2036 1470 2088 ¹²)
1500 2034 1622 2077 Licet
1650 2033 1784 2087 igitur

279 2112 484 2155 ponamus
514 2102 793 2159 Periphanem
824 2103 913 2147 filia
941 2117 1043 2148 vere
1076 2104 1249 2147 inventa
1284 2103 1443 2146 laetum
1478 2102 1531 2146 de
1561 2102 1783 2157 Pliilippae

278 2173 328 2212 ut
356 2170 545 2214 melioris
575 2173 848 2217 mulierculae
876 2175 1038 2229 nuptiis
1068 2175 1270 2227 cogitare,
1307 2177 1424 2216 certo
1454 2177 1498 2215 et
1526 2172 1609 2215 arti
1640 2176 1685 2215 et
1713 2184 1782 2215 ar-

278 2243 477 2293 gumento
505 2239 674 2284 fabulae
703 2242 913 2286 satisfecit
941 2247 1069 2297 poeta
1087 2242 1357 2285 matrimonio
1387 2242 1460 2284 illo
1480 2245 1569 2284 tam
1588 2240 1782 2286 ,strictim

279 2313 617 2361 commemorato,
647 2314 696 2352 ut
721 2324 804 2354 non
834 2316 921 2354 tam
941 2317 1106 2366 partem
1137 2311 1378 2354 comoediae
1396 2288 1679 2353 necessariam
1708 2322 1782 2352 eas

278 2388 373 2420 esse
403 2388 527 2431 quam
558 2379 819 2424 commodam
848 2392 1019 2423 causam
1049 2379 1326 2423 verecundiae
1355 2378 1431 2422 filii
1451 2378 1636 2422 voluisse
1665 2377 1784 2421 vide-

277 2449 394 2498 atur;
432 2458 568 2500 neque
605 2446 728 2490 abest
763 2449 950 2503 suspicio
986 2452 1157 2502 poetam
1193 2449 1254 2491 ita
1288 2451 1532 2502 spectantes
1568 2446 1782 2490 fortunam

278 2513 498 2570 Philippae
528 2519 627 2570 post
654 2521 860 2562 venturae
891 2516 1079 2561 breviter
1107 2517 1339 2571 edocuisse,
1369 2529 1423 2560 ne
1452 2514 1639 2560 fabulam
1667 2515 1782 2560 iusto

279 2583 447 2637 longius
478 2585 711 2638 producere
739 2590 966 2640 cogeretur
994 2587 1064 2642 (cf.
1095 2587 1212 2629 infra·
1234 2600 1330 2641 pag.
1363 2590 1417 2628 20
1448 2586 1573 2640 sqq.).

393 2654 719 2708 Integerrimum
758 2655 883 2700 modo
924 2656 1075 2710 locum,
1117 2656 1155 2699 si
1194 2655 1397 2699 librorum
1436 2654 1781 2710 depravationem

277 2722 672 2777 praetermittimus,
717 2727 907 2768 tractare
947 2725 1088 2767 conati
1119 2737 1282 2767 sumus:
1328 2725 1411 2767 iam
1453 2725 1506 2768 de
1546 2725 1629 2770 alio
1668 2724 1783 2768 haud
