2052 3172
1046 149 1072 187 8

303 279 471 322 vivendi
501 279 799 333 cogitandique
828 280 1017 325 rationes
1036 281 1233 337 producti
1253 280 1505 336 legibusque
1526 282 1813 326 strictioribus

303 347 411 389 artis
441 348 633 390 scenicae
662 348 826 390 assueti
861 350 916 392 ad
946 350 1088 393 vivum
1123 363 1322 394 resecare
1350 353 1480 404 atque
1517 350 1625 393 adeo
1660 362 1812 404 magno

301 415 365 457 illi
401 415 567 458 auctori
602 414 848 460 abiudicarc
886 417 1075 472 student,
1112 418 1293 462 multum
1328 417 1599 473 profecturae
1624 415 1734 476 sint,
1775 418 1812 462 si

303 483 447 537 aliquo
478 484 604 527 modo
633 485 780 538 perfici
809 487 960 541 possit,
991 491 1041 530 ut
1070 487 1290 542 eleganter
1319 487 1555 530 translatae
1584 487 1626 530 in
1645 469 1814 541 pulpita

301 554 557 594 revocentur
586 555 631 595 et
660 553 722 596 ita
752 566 802 598 eo
838 555 996 599 iudicio
1026 556 1320 609 aestimentur,
1358 555 1472 610 quod
1501 566 1631 598 unum
1659 555 1812 609 priscis

300 619 387 661 illis
417 621 684 673 temporibus
725 624 864 675 poetis
899 624 955 666 de
990 622 1193 677 operibus
1237 624 1327 665 suis
1363 623 1674 677 respiciendum
1705 627 1810 666 erat.

303 687 410 731 Tum
441 700 557 742 vero,
605 689 643 732 si
682 702 766 734 non
795 691 1043 747 legerentur
1079 692 1216 736 solum
1264 690 1529 746 comoediae,
1567 690 1812 751 sedetiam

305 760 618 811 spectarentur,
650 759 827 812 aequius
856 760 987 802 'etiam
1019 772 1164 803 omnes
1194 760 1233 802 ei
1263 759 1346 802 loci
1374 762 1711 813 recenserentur,
1741 761 1814 814 qui

299 836 385 868 non
414 824 458 867 in
478 825 656 880 Epidico
686 830 851 870 tantum
879 832 970 871 tam
998 828 1214 872 numerosi
1244 828 1414 872 criticos
1442 839 1553 871 nunc
1581 826 1811 882 offendunt,

301 894 503 948 quoniam
532 894 595 936 ita
623 894 717 937 fieri
745 908 830 938 non
859 897 1010 950 possit,
1041 897 1143 951 quin
1173 899 1380 951 appareat
1415 896 1573 939 multas
1604 896 1811 939 eiusmodi

302 962 490 1005 maculas
521 988 574 994 -
607 964 643 1006 si
674 964 849 1018 quidem⁴
872 969 973 1008 sunt
1000 990 1058 997 —
1083 970 1172 1009 tam
1189 966 1439 1013 ‚levidenses
1468 977 1576 1019 esse,
1606 968 1656 1008 ut
1684 965 1812 1008 aesti-

302 1034 491 1074 mantem
531 1031 703 1085 quidem
743 1032 914 1077 laedere
952 1038 1122 1088 queant,
1164 1037 1408 1089 spectantes
1446 1034 1571 1088 plane
1608 1033 1810 1088 fallant.⁷)

302 1100 452 1153 Neque
480 1104 624 1142 tamen
654 1100 734 1144 hac
764 1102 978 1145 sententia
1007 1104 1070 1145 ita
1098 1101 1335 1155 abutemur,
1368 1106 1417 1144 ut
1445 1102 1812 1155 argumentatione

300 1167 416 1211 facili
457 1167 583 1211 modo
623 1169 994 1225 supersedeamus,
1037 1171 1164 1213 immo
1203 1170 1356 1213 Plauto
1396 1169 1633 1224 Epidicum,
1674 1169 1811 1224 qualis

299 1250 412 1280 nunc
451 1241 531 1291 est,
577 1239 786 1291 abrogare
825 1251 910 1281 non
949 1238 1254 1291 dubitabimus,
1301 1241 1337 1282 si
1377 1239 1644 1293 quaestione,
1685 1251 1833 1292 quam*

299 1305 427 1349 modo
467 1306 710 1350 instituturi
750 1320 909 1360 sumus,
956 1311 1031 1351 aut
1069 1308 1176 1351 vitia
1215 1319 1359 1351 rerum
1399 1307 1697 1362 perspicuitati
1736 1308 1811 1350 ob-

300 1378 495 1429 strepere
515 1379 591 1418 aut
609 1388 890 1429 personarum
908 1388 1063 1428 mores,
1095 1388 1346 1427 sermonem,
1378 1375 1555 1418 facetias
1574 1387 1679 1429 prae
1700 1380 1810 1418 cete-

299 1443 362 1486 ris
392 1443 707 1488 comoediarum
727 1440 1021 1488 Plautinarum
1051 1448 1140 1488 tam
1169 1444 1328 1499 insigni
1356 1447 1483 1498 poeta
1512 1443 1687 1498 indigna
1716 1456 1811 1487 esse

301 1514 535 1556 evincatur.

414 1579 553 1624 Multa
582 1580 775 1636 profecto
805 1582 850 1624 in
869 1580 1025 1634 fabula,
1058 1582 1110 1624 de
1130 1593 1214 1636 qua
1235 1581 1390 1637 agitur,
1421 1584 1521 1624 sunt
1540 1581 1809 1636 reprehensa,

299 1662 408 1705 quae
457 1650 676 1693 hominum
725 1650 948 1694 doctorum
1001 1651 1053 1704 ei,
1117 1651 1190 1704 qui
1239 1654 1362 1693 erant
1411 1649 1693 1704 benigniores,
1756 1649 1810 1692 ad

300 1710 706 1761 contaminationem
747 1719 1053 1761 claudicantem
1084 1719 1151 1761 vel
1190 1718 1541 1761 retractationem
1581 1717 1809 1771 interpola-

299 1786 512 1829 tionemve
541 1785 799 1841 referebant,
848 1786 920 1841 qui
960 1787 1160 1838 acriores,
1193 1786 1445 1840 simpliciter
1484 1785 1670 1829 fabulam
1711 1784 1811 1829 sub-

299 1855 476 1898 ditivam
504 1856 689 1909 prodere
725 1855 936 1899 dicebant.
996 1855 1102 1898 Rem
1142 1855 1276 1909 igitur
1313 1856 1375 1898 ita
1404 1850 1722 1909 persequemur,
1761 1859 1811 1898 ut

297 1926 481 1979 primum
512 1925 567 1968 ad
596 1925 980 1976 contaminationis,
1012 1936 1138 1978 quam
1157 1924 1317 1977 volunt,
1348 1927 1449 1967 tunc
1468 1924 1810 1978 interpolationis

299 1993 705 2047 retractationisque
724 1993 920 2047 vestigia,
952 1993 1093 2047 quoad
1114 1996 1357 2036 contextum
1378 1992 1616 2046 argumenti
1636 1993 1811 2036 turbare

298 2062 511 2115 videntur,
552 2062 730 2116 propius
766 2062 1027 2115 accedamus,
1070 2062 1251 2116 denique
1281 2061 1587 2115 compositione
1622 2061 1684 2104 ita
1712 2073 1809 2116 per-

298 2143 432 2186 pensa
461 2130 514 2173 de
543 2130 741 2184 personis
763 2132 958 2174 sermone
987 2130 1154 2173 facetiis
1185 2130 1422 2184 generatim
1441 2133 1569 2184 atque
1599 2131 1808 2184 universe,
1827 2149 1850 2160 2

298 2204 505 2254 quantum
537 2212 644 2252 opus
675 2200 771 2251 erit,
803 2200 933 2242 locuti
964 2213 1014 2242 ex
1044 2200 1140 2253 ipsa
1168 2200 1336 2241 ratione
1365 2197 1552 2240 fabulam
1583 2200 1809 2242 aestimare

298 2279 511 2311 conemur.

612 2381 669 2437 lle
706 2381 866 2451 Epidioi
902 2380 1078 2438 fabulae
1116 2379 1499 2437 contaminatione.

414 2475 474 2518 Ut
504 2488 541 2518 v.
577 2478 776 2519 719—20
814 2477 1222 2530 praetermittamus,
1261 2475 1319 2518 de
1357 2473 1511 2528 quibus
1547 2474 1631 2516 iam
1666 2473 1805 2515 Rein-

297 2544 479 2586 hardtus
508 2557 655 2588 omnes
685 2546 910 2600 scrupulos
929 2544 1156 2600 sustulit,⁸)
1186 2544 1312 2588 affert
1330 2543 1429 2595 illis,
1457 2542 1531 2597 qui
1552 2541 1809 2585 contamina-

297 2613 458 2655 tionem
489 2626 666 2669 eamque
695 2615 834 2657 laxam
863 2615 1076 2658 invenisse
1098 2615 1180 2659 sibi
1210 2614 1421 2666 videntur,
1451 2611 1661 2666 imprimis
1679 2610 1809 2654 offen-

299 2673 462 2724 sionem
501 2683 789 2738 discrepantia
826 2684 900 2727 illa
938 2697 977 2727 v.
1019 2684 1114 2733 153
1155 2687 1200 2727 et
1234 2682 1354 2738 300,
1401 2694 1486 2735 qua
1523 2672 1645 2724 miles
1680 2672 1807 2723 'mod'o

299 2750 514 2795 Euboicus
554 2752 678 2796 modo
717 2753 910 2798 Rhodius
950 2753 1243 2810 appellatur.⁹)
1308 2751 1454 2794 Liceat
1493 2749 1663 2805 quidem
1701 2747 1808 2812 banc
