<?xml version="1.0" encoding="UTF-8"?>
<!DOCTYPE html PUBLIC "-//W3C//DTD XHTML 1.0 Transitional//EN"
    "http://www.w3.org/TR/xhtml1/DTD/xhtml1-transitional.dtd">
<html xmlns="http://www.w3.org/1999/xhtml" xml:lang="en" lang="en">
 <head>
  <title>
</title>
<meta http-equiv="Content-Type" content="text/html;charset=utf-8" />
  <meta name='ocr-system' content='tesseract 3.04.00' />
  <meta name='ocr-capabilities' content='ocr_page ocr_carea ocr_par ocr_line ocrx_word'/>
</head>
<body>
  <div class='ocr_page' id='page_1' title='image "4737867_0035.png"; bbox 0 0 2052 3172; ppageno 0'>
   <div class='ocr_carea' id='block_1_1' title="bbox 1001 180 1054 220">
    <p class='ocr_par' dir='ltr' id='par_1_1' title="bbox 1001 180 1054 220">
     <span class='ocr_line' id='line_1_1' title="bbox 1001 180 1054 220; baseline 0 0"><span class='ocrx_word' id='word_1_1' title='bbox 1001 180 1054 220; x_wconf 85' lang='lat'>22</span> 
     </span>
    </p>
   </div>
   <div class='ocr_carea' id='block_1_2' title="bbox 889 236 1164 242">
    <p class='ocr_par' dir='ltr' id='par_1_2' title="bbox 889 236 1164 242">
     <span class='ocr_line' id='line_1_2' title="bbox 889 236 1164 242; baseline 0 0"><span class='ocrx_word' id='word_1_2' title='bbox 889 236 1164 242; x_wconf 95' lang='lat' dir='ltr'> </span> 
     </span>
    </p>
   </div>
   <div class='ocr_carea' id='block_1_3' title="bbox 268 314 1781 506">
    <p class='ocr_par' dir='ltr' id='par_1_3' title="bbox 268 314 1781 506">
     <span class='ocr_line' id='line_1_3' title="bbox 271 314 1781 370; baseline 0.001 -11"><span class='ocrx_word' id='word_1_3' title='bbox 271 317 374 359; x_wconf 87' lang='lat' dir='ltr'>haec</span> <span class='ocrx_word' id='word_1_4' title='bbox 404 315 458 359; x_wconf 87' lang='lat' dir='ltr'>ad</span> <span class='ocrx_word' id='word_1_5' title='bbox 488 315 628 370; x_wconf 91' lang='lat' dir='ltr'>ipsum</span> <span class='ocrx_word' id='word_1_6' title='bbox 658 314 866 358; x_wconf 87' lang='lat' dir='ltr'>sermonis</span> <span class='ocrx_word' id='word_1_7' title='bbox 896 317 1140 357; x_wconf 87' lang='lat' dir='ltr'>contextum</span> <span class='ocrx_word' id='word_1_8' title='bbox 1169 315 1231 357; x_wconf 93' lang='lat' dir='ltr'>ita</span> <span class='ocrx_word' id='word_1_9' title='bbox 1260 315 1485 359; x_wconf 86' lang='lat' dir='ltr'>referenda</span> <span class='ocrx_word' id='word_1_10' title='bbox 1514 329 1608 360; x_wconf 88' lang='lat' dir='ltr'>esse</span> <span class='ocrx_word' id='word_1_11' title='bbox 1637 329 1781 360; x_wconf 87' lang='lat' dir='ltr'>cense-</span> 
     </span>
     <span class='ocr_line' id='line_1_4' title="bbox 271 383 1780 438; baseline 0 -10"><span class='ocrx_word' id='word_1_12' title='bbox 271 398 378 438; x_wconf 87' lang='lat' dir='ltr'>mus,</span> <span class='ocrx_word' id='word_1_13' title='bbox 422 387 472 427; x_wconf 91' lang='lat' dir='ltr'>ut</span> <span class='ocrx_word' id='word_1_14' title='bbox 513 383 681 438; x_wconf 90' lang='lat' dir='ltr'>lepidae</span> <span class='ocrx_word' id='word_1_15' title='bbox 721 383 997 437; x_wconf 88' lang='lat' dir='ltr'>Thesprionis</span> <span class='ocrx_word' id='word_1_16' title='bbox 1038 383 1300 437; x_wconf 81' lang='lat' dir='ltr'>simplicitati</span> <span class='ocrx_word' id='word_1_17' title='bbox 1340 384 1611 428; x_wconf 86' lang='lat' dir='ltr'>manifest-um</span> <span class='ocrx_word' id='word_1_18' title='bbox 1649 385 1780 428; x_wconf 83' lang='lat' dir='ltr'>latro-</span> 
     </span>
     <span class='ocr_line' id='line_1_5' title="bbox 268 451 1272 506; baseline -0.003 -10"><span class='ocrx_word' id='word_1_19' title='bbox 268 453 425 497; x_wconf 89' lang='lat' dir='ltr'>cinium</span> <span class='ocrx_word' id='word_1_20' title='bbox 452 451 694 506; x_wconf 89' lang='lat' dir='ltr'>profitentis</span> <span class='ocrx_word' id='word_1_21' title='bbox 723 452 940 495; x_wconf 89' lang='lat' dir='ltr'>commode</span> <span class='ocrx_word' id='word_1_22' title='bbox 969 451 1272 506; x_wconf 83' lang='lat' dir='ltr'><strong>respondeant:</strong></span> 
     </span>
    </p>
   </div>
   <div class='ocr_carea' id='block_1_4' title="bbox 349 524 1778 662">
    <p class='ocr_par' dir='ltr' id='par_1_4' title="bbox 349 524 1778 662">
     <span class='ocr_line' id='line_1_6' title="bbox 349 524 1778 591; baseline 0.001 -12"><span class='ocrx_word' id='word_1_23' title='bbox 349 536 427 580; x_wconf 67' lang='lat' dir='ltr'>rh.</span> <span class='ocrx_word' id='word_1_24' title='bbox 461 524 535 580; x_wconf 80' lang='lat'><strong>10&#39;11</strong></span> <span class='ocrx_word' id='word_1_25' title='bbox 565 536 698 579; x_wconf 83' lang='lat' dir='ltr'>raube</span> <span class='ocrx_word' id='word_1_26' title='bbox 724 537 834 590; x_wconf 84' lang='lat' dir='ltr'>jetzt</span> <span class='ocrx_word' id='word_1_27' title='bbox 862 535 991 579; x_wconf 78' lang='lat' dir='ltr'>offen!</span> <span class='ocrx_word' id='word_1_28' title='bbox 1053 535 1140 591; x_wconf 75' lang='lat' dir='ltr'>Ep.</span> <span class='ocrx_word' id='word_1_29' title='bbox 1173 536 1239 578; x_wconf 86' lang='lat' dir='ltr'>Da</span> <span class='ocrx_word' id='word_1_30' title='bbox 1268 536 1349 578; x_wconf 79' lang='lat' dir='ltr'>sou</span> <span class='ocrx_word' id='word_1_31' title='bbox 1379 537 1476 579; x_wconf 73' lang='lat' dir='ltr'>dich</span> <span class='ocrx_word' id='word_1_32' title='bbox 1506 538 1614 580; x_wconf 79' lang='lat' dir='ltr'>doch</span> <span class='ocrx_word' id='word_1_33' title='bbox 1643 538 1778 591; x_wconf 81' lang='lat' dir='ltr'>gleich</span> 
     </span>
     <span class='ocr_line' id='line_1_7' title="bbox 1096 603 1691 662; baseline 0.003 -15"><span class='ocrx_word' id='word_1_34' title='bbox 1096 604 1173 648; x_wconf 89' lang='lat' dir='ltr'>der</span> <span class='ocrx_word' id='word_1_35' title='bbox 1201 603 1359 647; x_wconf 91' lang='lat' dir='ltr'>Kukuk</span> <span class='ocrx_word' id='word_1_36' title='bbox 1388 603 1565 662; x_wconf 79' lang='lat' dir='ltr'>[holen]1</span> <span class='ocrx_word' id='word_1_37' title='bbox 1577 639 1691 649; x_wconf 88' lang='grc'><strong>......</strong></span> 
     </span>
    </p>
   </div>
   <div class='ocr_carea' id='block_1_5' title="bbox 265 687 1780 1360">
    <p class='ocr_par' dir='ltr' id='par_1_5' title="bbox 265 687 1780 1360">
     <span class='ocr_line' id='line_1_8' title="bbox 268 687 1780 744; baseline 0.001 -12"><span class='ocrx_word' id='word_1_38' title='bbox 268 689 375 733; x_wconf 86' lang='lat' dir='ltr'><strong>Post</strong></span> <span class='ocrx_word' id='word_1_39' title='bbox 403 687 511 732; x_wconf 89' lang='lat' dir='ltr'>hanc</span> <span class='ocrx_word' id='word_1_40' title='bbox 553 689 722 733; x_wconf 90' lang='lat' dir='ltr'>demum</span> <span class='ocrx_word' id='word_1_41' title='bbox 760 689 1098 733; x_wconf 78' lang='lat' dir='ltr'>exsecrationem</span> <span class='ocrx_word' id='word_1_42' title='bbox 1135 689 1382 744; x_wconf 86' lang='lat' dir='ltr'>neutiquam</span> <span class='ocrx_word' id='word_1_43' title='bbox 1421 691 1583 734; x_wconf 86' lang='lat' dir='ltr'>scilicet</span> <span class='ocrx_word' id='word_1_44' title='bbox 1622 691 1780 734; x_wconf 88' lang='lat' dir='ltr'>seriam</span> 
     </span>
     <span class='ocr_line' id='line_1_9' title="bbox 269 757 1778 813; baseline 0.001 -13"><span class='ocrx_word' id='word_1_45' title='bbox 269 769 422 800; x_wconf 84' lang='lat' dir='ltr'>servus</span> <span class='ocrx_word' id='word_1_46' title='bbox 452 758 715 812; x_wconf 88' lang='lat' dir='ltr'>aliquantulo</span> <span class='ocrx_word' id='word_1_47' title='bbox 744 771 890 802; x_wconf 85' lang='lat' dir='ltr'>morae</span> <span class='ocrx_word' id='word_1_48' title='bbox 919 757 1174 812; x_wconf 90' lang='lat' dir='ltr'>interposito</span> <span class='ocrx_word' id='word_1_49' title='bbox 1210 757 1394 809; x_wconf 88' lang='lat' dir='ltr'>animum</span> <span class='ocrx_word' id='word_1_50' title='bbox 1430 758 1485 801; x_wconf 89' lang='lat' dir='ltr'>ad</span> <span class='ocrx_word' id='word_1_51' title='bbox 1519 758 1562 802; x_wconf 90' lang='lat' dir='ltr'>id</span> <span class='ocrx_word' id='word_1_52' title='bbox 1593 763 1778 813; x_wconf 87' lang='lat' dir='ltr'>revocat,</span> 
     </span>
     <span class='ocr_line' id='line_1_10' title="bbox 269 825 1779 881; baseline 0.001 -13"><span class='ocrx_word' id='word_1_53' title='bbox 269 825 383 880; x_wconf 88' lang='lat' dir='ltr'>quod</span> <span class='ocrx_word' id='word_1_54' title='bbox 411 825 497 868; x_wconf 88' lang='lat' dir='ltr'>iam</span> <span class='ocrx_word' id='word_1_55' title='bbox 514 825 681 880; x_wconf 85' lang='lat' dir='ltr'>pridem</span> <span class='ocrx_word' id='word_1_56' title='bbox 711 830 806 870; x_wconf 88' lang='lat' dir='ltr'>erat</span> <span class='ocrx_word' id='word_1_57' title='bbox 830 826 1036 878; x_wconf 88' lang='lat' dir='ltr'>dicturus,</span> <span class='ocrx_word' id='word_1_58' title='bbox 1068 825 1144 868; x_wconf 86' lang='lat' dir='ltr'>sed</span> <span class='ocrx_word' id='word_1_59' title='bbox 1164 825 1389 881; x_wconf 83' lang='lat' dir='ltr'>quominus</span> <span class='ocrx_word' id='word_1_60' title='bbox 1408 826 1623 879; x_wconf 90' lang='lat' dir='ltr'>proferret</span> <span class='ocrx_word' id='word_1_61' title='bbox 1651 840 1779 881; x_wconf 92' lang='lat' dir='ltr'>quum</span> 
     </span>
     <span class='ocr_line' id='line_1_11' title="bbox 268 894 1778 950; baseline 0.002 -13"><span class='ocrx_word' id='word_1_62' title='bbox 268 895 527 937; x_wconf 91' lang='lat' dir='ltr'>salutatione</span> <span class='ocrx_word' id='word_1_63' title='bbox 557 898 602 950; x_wconf 87' lang='lat' dir='ltr'>et</span> <span class='ocrx_word' id='word_1_64' title='bbox 629 895 903 948; x_wconf 82' lang='lat' dir='ltr'>praevalente</span> <span class='ocrx_word' id='word_1_65' title='bbox 924 894 1180 938; x_wconf 86' lang='lat' dir='ltr'>valetudinis</span> <span class='ocrx_word' id='word_1_66' title='bbox 1212 895 1529 947; x_wconf 85' lang='lat' dir='ltr'>cognoscendae</span> <span class='ocrx_word' id='word_1_67' title='bbox 1558 908 1660 939; x_wconf 90' lang='lat' dir='ltr'>cura</span> <span class='ocrx_word' id='word_1_68' title='bbox 1689 901 1778 940; x_wconf 91' lang='lat' dir='ltr'>tum</span> 
     </span>
     <span class='ocr_line' id='line_1_12' title="bbox 266 962 1778 1018; baseline 0.001 -13"><span class='ocrx_word' id='word_1_69' title='bbox 266 962 541 1017; x_wconf 91' lang='lat' dir='ltr'>Thesprionis</span> <span class='ocrx_word' id='word_1_70' title='bbox 591 963 697 1006; x_wconf 89' lang='lat' dir='ltr'>iocis</span> <span class='ocrx_word' id='word_1_71' title='bbox 747 962 999 1006; x_wconf 83' lang='lat' dir='ltr'>scurrilibus</span> <span class='ocrx_word' id='word_1_72' title='bbox 1050 962 1187 1005; x_wconf 89' lang='lat' dir='ltr'>adhuc</span> <span class='ocrx_word' id='word_1_73' title='bbox 1231 962 1552 1016; x_wconf 84' lang='lat' dir='ltr'>impediebatur.</span> <span class='ocrx_word' id='word_1_74' title='bbox 1624 964 1778 1018; x_wconf 89' lang='lat' dir='ltr'>(Simili</span> 
     </span>
     <span class='ocr_line' id='line_1_13' title="bbox 267 1030 1777 1085; baseline 0.001 -12"><span class='ocrx_word' id='word_1_75' title='bbox 267 1031 393 1074; x_wconf 89' lang='lat' dir='ltr'>modo</span> <span class='ocrx_word' id='word_1_76' title='bbox 423 1031 550 1084; x_wconf 89' lang='lat' dir='ltr'>paulo</span> <span class='ocrx_word' id='word_1_77' title='bbox 585 1035 685 1084; x_wconf 92' lang='lat' dir='ltr'>post</span> <span class='ocrx_word' id='word_1_78' title='bbox 714 1031 921 1085; x_wconf 89' lang='lat' dir='ltr'>Thesprio</span> <span class='ocrx_word' id='word_1_79' title='bbox 959 1031 1135 1084; x_wconf 90' lang='lat' dir='ltr'>Epidico</span> <span class='ocrx_word' id='word_1_80' title='bbox 1175 1031 1267 1074; x_wconf 92' lang='lat' dir='ltr'>heri</span> <span class='ocrx_word' id='word_1_81' title='bbox 1297 1030 1513 1074; x_wconf 89' lang='lat' dir='ltr'>fortunam</span> <span class='ocrx_word' id='word_1_82' title='bbox 1547 1032 1777 1075; x_wconf 87' lang='lat' dir='ltr'>identidem</span> 
     </span>
     <span class='ocr_line' id='line_1_14' title="bbox 268 1100 1774 1157; baseline 0.001 -14"><span class='ocrx_word' id='word_1_83' title='bbox 268 1100 527 1155; x_wconf 76' lang='lat' dir='ltr'>quaeritanti</span> <span class='ocrx_word' id='word_1_84' title='bbox 558 1125 613 1130; x_wconf 97' lang='lat'><strong>—</strong></span> <span class='ocrx_word' id='word_1_85' title='bbox 634 1112 673 1142; x_wconf 87' lang='lat' dir='ltr'>v.</span> <span class='ocrx_word' id='word_1_86' title='bbox 692 1103 760 1154; x_wconf 88' lang='lat'>20,</span> <span class='ocrx_word' id='word_1_87' title='bbox 779 1103 846 1152; x_wconf 87' lang='lat'>22,</span> <span class='ocrx_word' id='word_1_88' title='bbox 864 1103 920 1142; x_wconf 88' lang='lat'>40</span> <span class='ocrx_word' id='word_1_89' title='bbox 953 1124 1003 1130; x_wconf 92' lang='lat'>—</span> <span class='ocrx_word' id='word_1_90' title='bbox 1035 1111 1289 1154; x_wconf 89' lang='lat' dir='ltr'>responsum</span> <span class='ocrx_word' id='word_1_91' title='bbox 1318 1112 1452 1155; x_wconf 88' lang='lat' dir='ltr'>usque</span> <span class='ocrx_word' id='word_1_92' title='bbox 1482 1101 1535 1144; x_wconf 89' lang='lat' dir='ltr'>ad</span> <span class='ocrx_word' id='word_1_93' title='bbox 1557 1114 1594 1143; x_wconf 87' lang='lat' dir='ltr'>v.</span> <span class='ocrx_word' id='word_1_94' title='bbox 1613 1105 1661 1143; x_wconf 85' lang='lat'>41</span> <span class='ocrx_word' id='word_1_95' title='bbox 1683 1114 1774 1157; x_wconf 87' lang='lat' dir='ltr'>sqq.</span> 
     </span>
     <span class='ocr_line' id='line_1_15' title="bbox 268 1169 1776 1224; baseline -0.001 -11"><span class='ocrx_word' id='word_1_96' title='bbox 268 1169 397 1213; x_wconf 88' lang='lat' dir='ltr'>debet</span> <span class='ocrx_word' id='word_1_97' title='bbox 412 1173 540 1224; x_wconf 85' lang='lat' dir='ltr'>atque</span> <span class='ocrx_word' id='word_1_98' title='bbox 558 1170 764 1211; x_wconf 89' lang='lat' dir='ltr'>miramur</span> <span class='ocrx_word' id='word_1_99' title='bbox 783 1170 937 1220; x_wconf 89' lang='lat' dir='ltr'>hercle,</span> <span class='ocrx_word' id='word_1_100' title='bbox 960 1169 997 1210; x_wconf 93' lang='lat' dir='ltr'>si</span> <span class='ocrx_word' id='word_1_101' title='bbox 1015 1169 1152 1211; x_wconf 89' lang='lat' dir='ltr'>adhuc</span> <span class='ocrx_word' id='word_1_102' title='bbox 1167 1181 1289 1211; x_wconf 89' lang='lat' dir='ltr'>nemo</span> <span class='ocrx_word' id='word_1_103' title='bbox 1306 1170 1523 1212; x_wconf 87' lang='lat' dir='ltr'>contendit</span> <span class='ocrx_word' id='word_1_104' title='bbox 1538 1170 1630 1212; x_wconf 91' lang='lat' dir='ltr'>ioca</span> <span class='ocrx_word' id='word_1_105' title='bbox 1645 1170 1776 1212; x_wconf 92' lang='lat' dir='ltr'>inter-</span> 
     </span>
     <span class='ocr_line' id='line_1_16' title="bbox 265 1237 1776 1293; baseline 0.001 -12"><span class='ocrx_word' id='word_1_106' title='bbox 265 1239 391 1292; x_wconf 90' lang='lat' dir='ltr'>iecta,</span> <span class='ocrx_word' id='word_1_107' title='bbox 432 1250 562 1293; x_wconf 90' lang='lat' dir='ltr'>quum</span> <span class='ocrx_word' id='word_1_108' title='bbox 597 1249 850 1291; x_wconf 89' lang='lat' dir='ltr'>responsum</span> <span class='ocrx_word' id='word_1_109' title='bbox 879 1237 984 1280; x_wconf 92' lang='lat' dir='ltr'>illud</span> <span class='ocrx_word' id='word_1_110' title='bbox 1014 1237 1246 1289; x_wconf 86' lang='lat' dir='ltr'>retardent,</span> <span class='ocrx_word' id='word_1_111' title='bbox 1287 1251 1365 1291; x_wconf 91' lang='lat' dir='ltr'>pro</span> <span class='ocrx_word' id='word_1_112' title='bbox 1397 1238 1554 1292; x_wconf 88' lang='lat' dir='ltr'>spuriis</span> <span class='ocrx_word' id='word_1_113' title='bbox 1585 1252 1678 1282; x_wconf 88' lang='lat' dir='ltr'>esse</span> <span class='ocrx_word' id='word_1_114' title='bbox 1704 1239 1776 1282; x_wconf 90' lang='lat' dir='ltr'>de-</span> 
     </span>
     <span class='ocr_line' id='line_1_17' title="bbox 266 1306 1316 1360; baseline -0.001 -11"><span class='ocrx_word' id='word_1_115' title='bbox 266 1306 424 1360; x_wconf 87' lang='lat' dir='ltr'>lenda).</span> <span class='ocrx_word' id='word_1_116' title='bbox 484 1306 633 1359; x_wconf 87' lang='lat' dir='ltr'>Pergit</span> <span class='ocrx_word' id='word_1_117' title='bbox 661 1306 794 1359; x_wconf 89' lang='lat' dir='ltr'>igitur</span> <span class='ocrx_word' id='word_1_118' title='bbox 824 1318 977 1348; x_wconf 90' lang='lat' dir='ltr'>sonore</span> <span class='ocrx_word' id='word_1_119' title='bbox 1008 1307 1122 1348; x_wconf 90' lang='lat' dir='ltr'>vocis</span> <span class='ocrx_word' id='word_1_120' title='bbox 1152 1309 1316 1348; x_wconf 90' lang='lat' dir='ltr'>mutato</span> 
     </span>
    </p>
   </div>
   <div class='ocr_carea' id='block_1_6' title="bbox 635 1391 1443 1447">
    <p class='ocr_par' dir='ltr' id='par_1_6' title="bbox 545 1391 1443 1447">
     <span class='ocr_line' id='line_1_18' title="bbox 635 1391 1443 1447; baseline -0.001 -11.1"><span class='ocrx_word' id='word_1_121' title='bbox 635 1393 752 1445; x_wconf 89' lang='lat' dir='ltr'>,Was</span> <span class='ocrx_word' id='word_1_122' title='bbox 783 1393 840 1436; x_wconf 91' lang='lat' dir='ltr'>du</span> <span class='ocrx_word' id='word_1_123' title='bbox 870 1405 951 1436; x_wconf 90' lang='lat' dir='ltr'>nur</span> <span class='ocrx_word' id='word_1_124' title='bbox 980 1391 1107 1436; x_wconf 87' lang='lat' dir='ltr'>flinke</span> <span class='ocrx_word' id='word_1_125' title='bbox 1136 1392 1272 1436; x_wconf 81' lang='lat' dir='ltr'>Fiisse</span> <span class='ocrx_word' id='word_1_126' title='bbox 1301 1392 1443 1447; x_wconf 74' lang='lat' dir='ltr'>hastl‘,</span> 
     </span>
    </p>
   </div>
   <div class='ocr_carea' id='block_1_7' title="bbox 264 1476 1776 2776">
    <p class='ocr_par' dir='ltr' id='par_1_7' title="bbox 264 1476 1776 2776">
     <span class='ocr_line' id='line_1_19' title="bbox 266 1476 1775 1544; baseline 0 -22"><span class='ocrx_word' id='word_1_127' title='bbox 266 1491 345 1522; x_wconf 90' lang='lat' dir='ltr'>nec</span> <span class='ocrx_word' id='word_1_128' title='bbox 374 1476 550 1522; x_wconf 91' lang='lat' dir='ltr'>dubium</span> <span class='ocrx_word' id='word_1_129' title='bbox 580 1481 659 1533; x_wconf 87' lang='lat' dir='ltr'>est,</span> <span class='ocrx_word' id='word_1_130' title='bbox 698 1479 801 1535; x_wconf 88' lang='lat' dir='ltr'>quin</span> <span class='ocrx_word' id='word_1_131' title='bbox 838 1482 958 1521; x_wconf 90' lang='lat' dir='ltr'>actor</span> <span class='ocrx_word' id='word_1_132' title='bbox 993 1478 1180 1532; x_wconf 91' lang='lat' dir='ltr'>prudens</span> <span class='ocrx_word' id='word_1_133' title='bbox 1216 1483 1342 1532; x_wconf 86' lang='lat' dir='ltr'>gestu</span> <span class='ocrx_word' id='word_1_134' title='bbox 1377 1479 1685 1544; x_wconf 52' lang='lat' dir='ltr'>seqtjentiarum</span> <span class='ocrx_word' id='word_1_135' title='bbox 1714 1480 1775 1522; x_wconf 87' lang='lat' dir='ltr'>vi-</span> 
     </span>
     <span class='ocr_line' id='line_1_20' title="bbox 265 1548 1775 1603; baseline 0.001 -12"><span class='ocrx_word' id='word_1_136' title='bbox 265 1548 506 1592; x_wconf 88' lang='lat' dir='ltr'>cissitudini</span> <span class='ocrx_word' id='word_1_137' title='bbox 536 1548 850 1591; x_wconf 90' lang='lat' dir='ltr'>accommodato</span> <span class='ocrx_word' id='word_1_138' title='bbox 881 1548 1089 1591; x_wconf 91' lang='lat' dir='ltr'>sermonis</span> <span class='ocrx_word' id='word_1_139' title='bbox 1118 1561 1394 1603; x_wconf 88' lang='lat' dir='ltr'>progressum</span> <span class='ocrx_word' id='word_1_140' title='bbox 1423 1548 1562 1602; x_wconf 90' lang='lat' dir='ltr'>lepide</span> <span class='ocrx_word' id='word_1_141' title='bbox 1599 1562 1775 1592; x_wconf 80' lang='lat' dir='ltr'>exorna-</span> 
     </span>
     <span class='ocr_line' id='line_1_21' title="bbox 267 1616 1775 1670; baseline -0.001 -10"><span class='ocrx_word' id='word_1_142' title='bbox 267 1617 390 1660; x_wconf 88' lang='lat' dir='ltr'>v&#39;erit.</span> <span class='ocrx_word' id='word_1_143' title='bbox 425 1641 478 1648; x_wconf 94' lang='lat'>--</span> <span class='ocrx_word' id='word_1_144' title='bbox 510 1616 580 1660; x_wconf 90' lang='lat' dir='ltr'>Sic</span> <span class='ocrx_word' id='word_1_145' title='bbox 609 1616 646 1659; x_wconf 90' lang='lat' dir='ltr'>si</span> <span class='ocrx_word' id='word_1_146' title='bbox 676 1628 768 1659; x_wconf 92' lang='lat' dir='ltr'>rem</span> <span class='ocrx_word' id='word_1_147' title='bbox 797 1616 1141 1670; x_wconf 88' lang='lat' dir='ltr'>interpretamur,</span> <span class='ocrx_word' id='word_1_148' title='bbox 1172 1617 1348 1659; x_wconf 89' lang='lat' dir='ltr'>tertium</span> <span class='ocrx_word' id='word_1_149' title='bbox 1368 1616 1630 1658; x_wconf 76' lang='lat' dir='ltr'>Reinkardti</span> <span class='ocrx_word' id='word_1_150' title='bbox 1658 1629 1775 1659; x_wconf 90' lang='lat' dir='ltr'>scru-</span> 
     </span>
     <span class='ocr_line' id='line_1_22' title="bbox 266 1685 1775 1741; baseline 0.001 -12"><span class='ocrx_word' id='word_1_151' title='bbox 266 1687 413 1741; x_wconf 91' lang='lat' dir='ltr'>pulum</span> <span class='ocrx_word' id='word_1_152' title='bbox 442 1686 487 1728; x_wconf 91' lang='lat' dir='ltr'>in</span> <span class='ocrx_word' id='word_1_153' title='bbox 506 1686 677 1729; x_wconf 89' lang='lat' dir='ltr'>irritum</span> <span class='ocrx_word' id='word_1_154' title='bbox 697 1685 849 1729; x_wconf 90' lang='lat' dir='ltr'>cadere</span> <span class='ocrx_word' id='word_1_155' title='bbox 870 1689 1048 1739; x_wconf 90' lang='lat' dir='ltr'>apparet</span> <span class='ocrx_word' id='word_1_156' title='bbox 1068 1699 1105 1728; x_wconf 88' lang='lat' dir='ltr'>v.</span> <span class='ocrx_word' id='word_1_157' title='bbox 1132 1689 1183 1728; x_wconf 88' lang='lat'>13</span> <span class='ocrx_word' id='word_1_158' title='bbox 1215 1689 1314 1740; x_wconf 89' lang='lat' dir='ltr'>post</span> <span class='ocrx_word' id='word_1_159' title='bbox 1332 1690 1359 1728; x_wconf 88' lang='lat'>4</span> <span class='ocrx_word' id='word_1_160' title='bbox 1389 1687 1586 1740; x_wconf 89' lang='lat' dir='ltr'>ponentis</span> <span class='ocrx_word' id='word_1_161' title='bbox 1606 1699 1775 1730; x_wconf 79' lang='lat' dir='ltr'>versus-</span> 
     </span>
     <span class='ocr_line' id='line_1_23' title="bbox 269 1754 1776 1810; baseline -0.001 -12"><span class='ocrx_word' id='word_1_162' title='bbox 269 1767 351 1810; x_wconf 90' lang='lat' dir='ltr'>que</span> <span class='ocrx_word' id='word_1_163' title='bbox 380 1754 628 1797; x_wconf 89' lang='lat' dir='ltr'>interiectos</span> <span class='ocrx_word' id='word_1_164' title='bbox 660 1754 854 1807; x_wconf 88' lang='lat' dir='ltr'>delentis,</span> <span class='ocrx_word' id='word_1_165' title='bbox 885 1765 1022 1807; x_wconf 90' lang='lat' dir='ltr'>neque</span> <span class='ocrx_word' id='word_1_166' title='bbox 1046 1755 1187 1797; x_wconf 91' lang='lat' dir='ltr'>minus</span> <span class='ocrx_word' id='word_1_167' title='bbox 1207 1755 1401 1797; x_wconf 92' lang='lat' dir='ltr'>inutilem</span> <span class='ocrx_word' id='word_1_168' title='bbox 1420 1755 1529 1796; x_wconf 90' lang='lat' dir='ltr'>viam</span> <span class='ocrx_word' id='word_1_169' title='bbox 1550 1754 1776 1809; x_wconf 80' lang='lat' dir='ltr'>Hasperus</span> 
     </span>
     <span class='ocr_line' id='line_1_24' title="bbox 270 1820 1775 1877; baseline 0.001 -10"><span class='ocrx_word' id='word_1_170' title='bbox 270 1825 456 1867; x_wconf 88' lang='lat' dir='ltr'>intrasse</span> <span class='ocrx_word' id='word_1_171' title='bbox 485 1823 609 1867; x_wconf 90' lang='lat' dir='ltr'>nobis</span> <span class='ocrx_word' id='word_1_172' title='bbox 631 1823 812 1877; x_wconf 88' lang='lat' dir='ltr'>videtur,</span> <span class='ocrx_word' id='word_1_173' title='bbox 844 1823 916 1877; x_wconf 91' lang='lat' dir='ltr'>qui</span> <span class='ocrx_word' id='word_1_174' title='bbox 946 1820 999 1865; x_wconf 91' lang='lat' dir='ltr'>ab</span> <span class='ocrx_word' id='word_1_175' title='bbox 1020 1835 1058 1865; x_wconf 90' lang='lat' dir='ltr'>v.</span> <span class='ocrx_word' id='word_1_176' title='bbox 1080 1825 1129 1864; x_wconf 90' lang='lat'>13</span> <span class='ocrx_word' id='word_1_177' title='bbox 1160 1836 1325 1864; x_wconf 77' lang='lat' dir='ltr'>novum</span> <span class='ocrx_word' id='word_1_178' title='bbox 1355 1823 1579 1865; x_wconf 73' lang='lat' dir='ltr'>exordium</span> <span class='ocrx_word' id='word_1_179' title='bbox 1608 1825 1775 1868; x_wconf 86' lang='lat' dir='ltr'>fabulae</span> 
     </span>
     <span class='ocr_line' id='line_1_25' title="bbox 266 1891 1772 1947; baseline 0 -11"><span class='ocrx_word' id='word_1_180' title='bbox 266 1892 476 1947; x_wconf 86' lang='lat' dir='ltr'>incepisse</span> <span class='ocrx_word' id='word_1_181' title='bbox 520 1891 668 1944; x_wconf 89' lang='lat' dir='ltr'>credit,</span> <span class='ocrx_word' id='word_1_182' title='bbox 721 1903 804 1947; x_wconf 93' lang='lat' dir='ltr'>quo</span> <span class='ocrx_word' id='word_1_183' title='bbox 847 1904 982 1935; x_wconf 89' lang='lat' dir='ltr'>novae</span> <span class='ocrx_word' id='word_1_184' title='bbox 1027 1891 1185 1934; x_wconf 91' lang='lat' dir='ltr'>actioni</span> <span class='ocrx_word' id='word_1_185' title='bbox 1231 1892 1421 1934; x_wconf 88' lang='lat' dir='ltr'>scenicae</span> <span class='ocrx_word' id='word_1_186' title='bbox 1467 1893 1772 1936; x_wconf 87' lang='lat' dir='ltr'>consuleretur.</span> 
     </span>
     <span class='ocr_line' id='line_1_26' title="bbox 268 1961 1775 2018; baseline 0 -12"><span class='ocrx_word' id='word_1_187' title='bbox 268 1963 409 2018; x_wconf 84' lang='lat' dir='ltr'>Atque</span> <span class='ocrx_word' id='word_1_188' title='bbox 448 1961 704 2005; x_wconf 90' lang='lat' dir='ltr'>sententiam</span> <span class='ocrx_word' id='word_1_189' title='bbox 734 1961 826 2005; x_wconf 88' lang='lat' dir='ltr'>eius</span> <span class='ocrx_word' id='word_1_190' title='bbox 857 1961 909 2004; x_wconf 90' lang='lat' dir='ltr'>de</span> <span class='ocrx_word' id='word_1_191' title='bbox 929 1974 968 2004; x_wconf 88' lang='lat' dir='ltr'>v.</span> <span class='ocrx_word' id='word_1_192' title='bbox 996 1965 1044 2004; x_wconf 88' lang='grc'>19</span> <span class='ocrx_word' id='word_1_193' title='bbox 1076 1961 1240 2015; x_wconf 89' lang='lat' dir='ltr'>origine</span> <span class='ocrx_word' id='word_1_194' title='bbox 1271 1974 1322 2005; x_wconf 87' lang='lat' dir='ltr'>ex</span> <span class='ocrx_word' id='word_1_195' title='bbox 1352 1974 1388 2004; x_wconf 91' lang='lat' dir='ltr'>v.</span> <span class='ocrx_word' id='word_1_196' title='bbox 1413 1965 1436 2004; x_wconf 90' lang='grc'><strong>9</strong></span> <span class='ocrx_word' id='word_1_197' title='bbox 1468 1962 1651 2015; x_wconf 90' lang='lat' dir='ltr'>repetita</span> <span class='ocrx_word' id='word_1_198' title='bbox 1680 1963 1775 2007; x_wconf 88' lang='lat' dir='ltr'>ideo</span> 
     </span>
     <span class='ocr_line' id='line_1_27' title="bbox 264 2029 1772 2085; baseline 0.001 -11"><span class='ocrx_word' id='word_1_199' title='bbox 264 2044 350 2074; x_wconf 92' lang='lat' dir='ltr'>non</span> <span class='ocrx_word' id='word_1_200' title='bbox 378 2029 620 2084; x_wconf 87' lang='lat' dir='ltr'>probamus,</span> <span class='ocrx_word' id='word_1_201' title='bbox 653 2030 766 2084; x_wconf 88' lang='lat' dir='ltr'>quod</span> <span class='ocrx_word' id='word_1_202' title='bbox 794 2043 873 2084; x_wconf 90' lang='lat' dir='ltr'>pro</span> <span class='ocrx_word' id='word_1_203' title='bbox 903 2030 1095 2073; x_wconf 87' lang='lat' dir='ltr'>codicum</span> <span class='ocrx_word' id='word_1_204' title='bbox 1125 2034 1254 2084; x_wconf 88' lang='lat' dir='ltr'>statu,</span> <span class='ocrx_word' id='word_1_205' title='bbox 1286 2031 1358 2085; x_wconf 94' lang='lat' dir='ltr'>qui</span> <span class='ocrx_word' id='word_1_206' title='bbox 1383 2043 1433 2074; x_wconf 88' lang='lat' dir='ltr'>eo</span> <span class='ocrx_word' id='word_1_207' title='bbox 1454 2031 1545 2073; x_wconf 92' lang='lat' dir='ltr'>loco</span> <span class='ocrx_word' id='word_1_208' title='bbox 1565 2044 1675 2075; x_wconf 92' lang='lat' dir='ltr'>nunc</span> <span class='ocrx_word' id='word_1_209' title='bbox 1695 2036 1772 2085; x_wconf 90' lang='lat' dir='ltr'>est,</span> 
     </span>
     <span class='ocr_line' id='line_1_28' title="bbox 266 2099 1775 2154; baseline 0 -10"><span class='ocrx_word' id='word_1_210' title='bbox 266 2099 474 2145; x_wconf 89' lang='lat' dir='ltr'>eiusmodi</span> <span class='ocrx_word' id='word_1_211' title='bbox 504 2099 787 2143; x_wconf 79' lang='lat' dir='ltr'>divinationes</span> <span class='ocrx_word' id='word_1_212' title='bbox 818 2099 871 2142; x_wconf 92' lang='lat' dir='ltr'>de</span> <span class='ocrx_word' id='word_1_213' title='bbox 891 2112 1091 2143; x_wconf 88' lang='lat' dir='ltr'>versuum</span> <span class='ocrx_word' id='word_1_214' title='bbox 1121 2099 1400 2143; x_wconf 88' lang='lat' dir='ltr'>similitudine</span> <span class='ocrx_word' id='word_1_215' title='bbox 1429 2099 1495 2142; x_wconf 89' lang='lat' dir='ltr'>vel</span> <span class='ocrx_word' id='word_1_216' title='bbox 1526 2101 1775 2154; x_wconf 88' lang='lat' dir='ltr'>cognatione</span> 
     </span>
     <span class='ocr_line' id='line_1_29' title="bbox 265 2164 1775 2223; baseline 0 -11"><span class='ocrx_word' id='word_1_217' title='bbox 265 2182 392 2223; x_wconf 90' lang='lat' dir='ltr'>quam</span> <span class='ocrx_word' id='word_1_218' title='bbox 421 2169 733 2211; x_wconf 89' lang='lat' dir='ltr'>incertissimae</span> <span class='ocrx_word' id='word_1_219' title='bbox 763 2169 861 2219; x_wconf 89' lang='lat' dir='ltr'>sint,</span> <span class='ocrx_word' id='word_1_220' title='bbox 914 2169 1004 2211; x_wconf 89' lang='lat' dir='ltr'>sive</span> <span class='ocrx_word' id='word_1_221' title='bbox 1052 2164 1204 2210; x_wconf 69' lang='lat' dir='ltr'>Goefzi</span> <span class='ocrx_word' id='word_1_222' title='bbox 1232 2169 1320 2211; x_wconf 86' lang='lat' dir='ltr'>sive</span> <span class='ocrx_word' id='word_1_223' title='bbox 1362 2169 1496 2211; x_wconf 62' lang='lat' dir='ltr'>Bricca·</span> <span class='ocrx_word' id='word_1_224' title='bbox 1533 2169 1775 2223; x_wconf 75' lang='lat' dir='ltr'>Hasperive</span> 
     </span>
     <span class='ocr_line' id='line_1_30' title="bbox 265 2236 1688 2293; baseline -0.001 -11"><span class='ocrx_word' id='word_1_225' title='bbox 265 2237 400 2293; x_wconf 91' lang='lat' dir='ltr'>ipsius</span> <span class='ocrx_word' id='word_1_226' title='bbox 431 2236 770 2281; x_wconf 88' lang='lat' dir='ltr'>emendationem</span> <span class='ocrx_word' id='word_1_227' title='bbox 801 2236 891 2280; x_wconf 89' lang='lat' dir='ltr'>sive</span> <span class='ocrx_word' id='word_1_228' title='bbox 920 2236 1079 2280; x_wconf 88' lang='lat' dir='ltr'>nullam</span> <span class='ocrx_word' id='word_1_229' title='bbox 1109 2237 1295 2280; x_wconf 89' lang='lat' dir='ltr'>omnium</span> <span class='ocrx_word' id='word_1_230' title='bbox 1324 2237 1688 2293; x_wconf 70' lang='lat' dir='ltr'>amplectimur.²⁴)</span> 
     </span>
     <span class='ocr_line' id='line_1_31' title="bbox 381 2306 1775 2360; baseline 0.001 -11"><span class='ocrx_word' id='word_1_231' title='bbox 381 2307 448 2349; x_wconf 88' lang='lat' dir='ltr'>Ad</span> <span class='ocrx_word' id='word_1_232' title='bbox 485 2307 612 2348; x_wconf 91' lang='lat' dir='ltr'>aliam</span> <span class='ocrx_word' id='word_1_233' title='bbox 651 2306 819 2348; x_wconf 86' lang='lat' dir='ltr'>fabulae</span> <span class='ocrx_word' id='word_1_234' title='bbox 857 2310 1025 2359; x_wconf 90' lang='lat' dir='ltr'>partem</span> <span class='ocrx_word' id='word_1_235' title='bbox 1053 2307 1322 2349; x_wconf 77' lang='lat' dir='ltr'>Reinluzrdto</span> <span class='ocrx_word' id='word_1_236' title='bbox 1359 2311 1601 2360; x_wconf 88' lang='lat' dir='ltr'>suspectam</span> <span class='ocrx_word' id='word_1_237' title='bbox 1636 2311 1775 2351; x_wconf 88' lang='lat' dir='ltr'>trans-</span> 
     </span>
     <span class='ocr_line' id='line_1_32' title="bbox 265 2374 1775 2432; baseline -0.001 -12"><span class='ocrx_word' id='word_1_238' title='bbox 265 2375 522 2432; x_wconf 87' lang='lat' dir='ltr'>grediamur.</span> <span class='ocrx_word' id='word_1_239' title='bbox 571 2375 622 2418; x_wconf 90' lang='lat' dir='ltr'>In</span> <span class='ocrx_word' id='word_1_240' title='bbox 652 2374 901 2429; x_wconf 87' lang='lat' dir='ltr'>religionem</span> <span class='ocrx_word' id='word_1_241' title='bbox 922 2375 1033 2418; x_wconf 91' lang='lat' dir='ltr'>enim</span> <span class='ocrx_word' id='word_1_242' title='bbox 1062 2375 1196 2418; x_wconf 90' lang='lat' dir='ltr'>trahit</span> <span class='ocrx_word' id='word_1_243' title='bbox 1216 2376 1242 2418; x_wconf 93' lang='lat' dir='ltr'>l.</span> <span class='ocrx_word' id='word_1_244' title='bbox 1261 2387 1293 2418; x_wconf 91' lang='lat' dir='ltr'>s.</span> <span class='ocrx_word' id='word_1_245' title='bbox 1313 2387 1345 2418; x_wconf 91' lang='lat' dir='ltr'>s.</span> <span class='ocrx_word' id='word_1_246' title='bbox 1378 2375 1502 2418; x_wconf 89' lang='lat' dir='ltr'>homo</span> <span class='ocrx_word' id='word_1_247' title='bbox 1533 2375 1604 2418; x_wconf 90' lang='lat' dir='ltr'>ille</span> <span class='ocrx_word' id='word_1_248' title='bbox 1625 2375 1775 2419; x_wconf 89' lang='lat' dir='ltr'>doctus</span> 
     </span>
     <span class='ocr_line' id='line_1_33' title="bbox 267 2442 1775 2499; baseline -0.001 -11"><span class='ocrx_word' id='word_1_249' title='bbox 267 2458 303 2488; x_wconf 86' lang='lat' dir='ltr'>v.</span> <span class='ocrx_word' id='word_1_250' title='bbox 336 2442 536 2497; x_wconf 78' lang='lat'><strong>37—38‚</strong></span> <span class='ocrx_word' id='word_1_251' title='bbox 578 2455 709 2499; x_wconf 91' lang='lat' dir='ltr'>quum</span> <span class='ocrx_word' id='word_1_252' title='bbox 749 2447 990 2496; x_wconf 89' lang='lat' dir='ltr'>spectantes</span> <span class='ocrx_word' id='word_1_253' title='bbox 1030 2444 1167 2486; x_wconf 88' lang='lat' dir='ltr'>maius</span> <span class='ocrx_word' id='word_1_254' title='bbox 1207 2444 1367 2498; x_wconf 87' lang='lat' dir='ltr'>aliquid</span> <span class='ocrx_word' id='word_1_255' title='bbox 1407 2444 1559 2486; x_wconf 91' lang='lat' dir='ltr'>animis</span> <span class='ocrx_word' id='word_1_256' title='bbox 1595 2444 1775 2498; x_wconf 84' lang='lat' dir='ltr'>amplexi</span> 
     </span>
     <span class='ocr_line' id='line_1_34' title="bbox 266 2511 1775 2567; baseline -0.001 -10"><span class='ocrx_word' id='word_1_257' title='bbox 266 2512 476 2563; x_wconf 86' lang='lat' dir='ltr'>(Thetidis</span> <span class='ocrx_word' id='word_1_258' title='bbox 513 2511 828 2567; x_wconf 89' lang='lat' dir='ltr'>Nereidumque</span> <span class='ocrx_word' id='word_1_259' title='bbox 873 2513 1063 2567; x_wconf 91' lang='lat' dir='ltr'>ipsarum</span> <span class='ocrx_word' id='word_1_260' title='bbox 1100 2512 1375 2567; x_wconf 87' lang='lat' dir='ltr'>Stratippocli</span> <span class='ocrx_word' id='word_1_261' title='bbox 1418 2512 1566 2555; x_wconf 85' lang='lat' dir='ltr'>utilem</span> <span class='ocrx_word' id='word_1_262' title='bbox 1604 2525 1775 2566; x_wconf 88' lang='lat' dir='ltr'>operam</span> 
     </span>
     <span class='ocr_line' id='line_1_35' title="bbox 266 2581 1774 2636; baseline -0.001 -10"><span class='ocrx_word' id='word_1_263' title='bbox 266 2596 304 2626; x_wconf 87' lang='lat' dir='ltr'>v.</span> <span class='ocrx_word' id='word_1_264' title='bbox 328 2582 516 2636; x_wconf 88' lang='lat'><strong>32—33)</strong></span> <span class='ocrx_word' id='word_1_265' title='bbox 556 2582 850 2625; x_wconf 79' lang='lat' dir='ltr'>scutariorum</span> <span class='ocrx_word' id='word_1_266' title='bbox 891 2582 1105 2625; x_wconf 90' lang='lat' dir='ltr'>mentione</span> <span class='ocrx_word' id='word_1_267' title='bbox 1145 2595 1170 2624; x_wconf 94' lang='lat' dir='ltr'>a</span> <span class='ocrx_word' id='word_1_268' title='bbox 1210 2582 1385 2625; x_wconf 86' lang='lat' dir='ltr'>dearum</span> <span class='ocrx_word' id='word_1_269' title='bbox 1427 2582 1566 2635; x_wconf 85' lang='lat' dir='ltr'>specie</span> <span class='ocrx_word' id='word_1_270' title='bbox 1607 2582 1660 2624; x_wconf 90' lang='lat' dir='ltr'>ad</span> <span class='ocrx_word' id='word_1_271' title='bbox 1699 2581 1774 2625; x_wconf 90' lang='lat' dir='ltr'>ho-</span> 
     </span>
     <span class='ocr_line' id='line_1_36' title="bbox 266 2649 1775 2707; baseline -0.001 -12"><span class='ocrx_word' id='word_1_272' title='bbox 266 2651 561 2696; x_wconf 89' lang='lat' dir='ltr'>munculorum</span> <span class='ocrx_word' id='word_1_273' title='bbox 604 2650 798 2695; x_wconf 91' lang='lat' dir='ltr'>obsoleta</span> <span class='ocrx_word' id='word_1_274' title='bbox 840 2649 1007 2707; x_wconf 84' lang='lat' dir='ltr'>opificia</span> <span class='ocrx_word' id='word_1_275' title='bbox 1049 2655 1313 2695; x_wconf 90' lang='lat' dir='ltr'>revocentur.</span> <span class='ocrx_word' id='word_1_276' title='bbox 1381 2650 1570 2704; x_wconf 90' lang='lat' dir='ltr'>Legebat</span> <span class='ocrx_word' id='word_1_277' title='bbox 1605 2651 1775 2707; x_wconf 89' lang='lat' dir='ltr'>quidem</span> 
     </span>
     <span class='ocr_line' id='line_1_37' title="bbox 266 2714 1776 2776; baseline -0.001 -12"><span class='ocrx_word' id='word_1_278' title='bbox 266 2720 565 2764; x_wconf 76' lang='lat' dir='ltr'>Reinhardtus</span> <span class='ocrx_word' id='word_1_279' title='bbox 594 2720 674 2763; x_wconf 90' lang='lat' dir='ltr'>hos</span> <span class='ocrx_word' id='word_1_280' title='bbox 694 2714 844 2764; x_wconf 73' lang='lat' dir='ltr'>verSus</span> <span class='ocrx_word' id='word_1_281' title='bbox 866 2734 960 2764; x_wconf 91' lang='lat' dir='ltr'>cum</span> <span class='ocrx_word' id='word_1_282' title='bbox 987 2720 1196 2776; x_wconf 79' lang='lat' dir='ltr'>Gepperto</span> <span class='ocrx_word' id='word_1_283' title='bbox 1216 2721 1395 2775; x_wconf 89' lang='lat' dir='ltr'>aliisque</span> <span class='ocrx_word' id='word_1_284' title='bbox 1414 2719 1598 2763; x_wconf 83' lang='lat' dir='ltr'>nondum</span> <span class='ocrx_word' id='word_1_285' title='bbox 1625 2720 1776 2763; x_wconf 77' lang='lat' dir='ltr'>Goetxi</span> 
     </span>
    </p>
   </div>
   <div class='ocr_carea' id='block_1_8' title="bbox 268 2787 1843 2845">
    <p class='ocr_par' dir='ltr' id='par_1_8' title="bbox 268 2787 1843 2845">
     <span class='ocr_line' id='line_1_38' title="bbox 268 2787 1843 2845; baseline -0.001 -11"><span class='ocrx_word' id='word_1_286' title='bbox 268 2790 488 2845; x_wconf 86' lang='lat' dir='ltr'>ingeniosa</span> <span class='ocrx_word' id='word_1_287' title='bbox 517 2790 850 2844; x_wconf 90' lang='lat' dir='ltr'>transpositione</span> <span class='ocrx_word' id='word_1_288' title='bbox 887 2790 1131 2845; x_wconf 90' lang='lat' dir='ltr'>diremptos,</span> <span class='ocrx_word' id='word_1_289' title='bbox 1164 2790 1239 2834; x_wconf 93' lang='lat' dir='ltr'>sed</span> <span class='ocrx_word' id='word_1_290' title='bbox 1274 2793 1324 2834; x_wconf 92' lang='lat' dir='ltr'>ut</span> <span class='ocrx_word' id='word_1_291' title='bbox 1354 2792 1524 2834; x_wconf 89' lang='lat' dir='ltr'>exstant</span> <span class='ocrx_word' id='word_1_292' title='bbox 1558 2789 1601 2831; x_wconf 84' lang='lat' dir='ltr'>iu</span> <span class='ocrx_word' id='word_1_293' title='bbox 1631 2787 1771 2833; x_wconf 89' lang='lat' dir='ltr'>libris:</span> <span class='ocrx_word' id='word_1_294' title='bbox 1839 2802 1843 2806; x_wconf 94' lang='lat'>·</span> 
     </span>
    </p>
   </div>
  </div>
 </body>
</html>
