2052 3172
1035 98 1089 139 20

414 232 601 277 Proinde
621 236 763 276 exstat
792 236 921 290 atque
943 234 1112 289 eminet,
1145 235 1247 292 quid
1276 248 1355 279 nos
1376 237 1428 280 de
1458 237 1814 282 contaminatione

300 301 469 346 fabulae
500 303 735 356 cogitemus
765 315 900 359 eaque
929 316 1062 357 prava
1101 330 1158 335 —
1198 318 1252 348 an
1291 306 1546 349 laudandam
1586 319 1679 350 esse
1721 308 1812 362 opi-

300 383 450 414 nemur
481 384 588 426 eam,
629 371 673 414 in
704 384 789 428 qua
826 372 1113 425 negligentiae
1136 374 1325 428 vvestigia
1362 378 1451 417 tam
1486 374 1712 419 manifesta
1742 389 1812 419 ex-

298 443 427 492 stent,
460 452 588 496 quam
616 441 898 495 Ladewiyius
927 442 953 483 l.
987 454 1020 483 s.
1053 454 1086 484 s.
1119 441 1201 484 sibi
1230 444 1476 496 persuasit?
1526 444 1660 487 Immo
1691 448 1812 488 tanta

298 521 393 552 cum
423 512 530 562 arte,
562 509 599 552 si
620 522 668 552 re
688 521 791 552 vera
809 510 918 553 hanc
938 509 1126 553 fabulam
1146 512 1461 565 contaminavit,
1493 516 1620 567 poeta
1637 526 1810 557 munere

295 577 468 631 functus
497 581 578 632 est,
618 581 668 621 ut
697 591 782 621 non
821 579 904 621 nisi
947 592 998 621 ex
1037 577 1254 622 uberrima
1291 582 1531 634 argumenti
1573 583 1695 636 copia
1723 584 1809 626 talc

295 647 457 703 aliquid
474 648 647 692 odorari
663 652 792 704 atque
809 648 1066 703 investigare
1081 649 1235 703 possis
1268 650 1325 692 Et
1339 650 1402 694 ita
1418 651 1502 694 iam
1517 651 1573 694 R.
1587 651 1808 694 Mallems

295 716 340 770 (l.
360 728 395 759 s.
415 729 448 759 s.
480 730 520 770 p.
544 716 603 770 4),
634 717 933 759 Rei‘nhardtus
964 717 1177 772 (Studem-.
1203 719 1313 761 stud.
1337 720 1357 761 I
1387 733 1427 774 p.
1456 721 1567 775 108),
1606 721 1809 763 Goetzius

294 785 396 839 (act.
427 797 511 828 soc.
543 785 645 839 phil.
688 785 803 839 LipS.
835 785 896 829 VI
935 799 976 839 p.
1000 789 1081 830 297
1104 799 1213 843 sqq.‚
1261 790 1343 830 315
1367 800 1461 845 sqq.
1500 792 1543 832 et
1580 789 1713 844 praef,
1752 790 1807 833 ad

289 855 413 909 Epid.
437 858 600 898 annott.
630 868 671 908 p.
693 855 811 908 XXI)
841 854 1137 898 iudicaverunt
1163 855 1352 899 dicentes
1382 870 1553 900 causam
1581 871 1665 901 non
1697 871 1804 911 esse,

292 936 369 966 cur
387 924 612 977 Epidicum
641 923 974 966 contaminatam
1002 926 1213 977 putemus,
1246 925 1313 967 cui
1345 927 1582 969 sententiae
1612 926 1805 969 libentis-

291 993 396 1036 sime
436 992 672 1045 annuimus,
719 991 919 1047 quoniam
959 991 1336 1046 diligentissimum
1383 998 1553 1048 poetam
1593 995 1722 1038 etiam
1760 995 1803 1038 in

289 1060 522 1104 levioribus
552 1059 681 1123 rebus
713 1072 759 1102 se
788 1060 1064 1113 praestitisse
1095 1062 1299 1115 videmus,
1333 1062 1383 1104 cf.
1407 1075 1514 1117 quac
1546 1063 1657 1105 infra
1686 1076 1799 1119 seqq.

289 1142 385 1183 pag.
409 1133 477 1172 45.
513 1154 566 1160 —
598 1130 696 1172 Jam
724 1142 827 1172 vero

730 1229 781 1285 de
818 1229 994 1286 fabulae
1031 1230 1350 1286 retractatione

293 1335 470 1378 Osanno
500 1334 639 1391 (Anal.
672 1336 765 1379 crit.
798 1349 835 1378 a.
873 1339 981 1379 1816
1021 1337 1113 1380 edd.
1146 1351 1187 1390 p.
1211 1337 1326 1391 197),
1368 1336 1526 1378 Brioeio
1563 1337 1711 1392 (praef.
1745 1338 1798 1379 ad

286 1405 516 1447 Trinumm.
538 1418 578 1458 p.
599 1408 624 1447 8
646 1408 806 1448 annott.
827 1406 911 1459 27),
935 1405 1217 1459 Reinlzardto,
1247 1405 1436 1460 Goetm‘o,
1458 1405 1656 1461 Haspcro
1676 1407 1700 1448 l.
1716 1419 1749 1448 s,
1763 1419 1795 1448 s.

281 1474 463 1528 probata
492 1478 665 1527 praeter
694 1487 756 1522 ca.
790 1487 899 1529 quae
928 1474 972 1516 in
992 1474 1208 1527 prioribus
1241 1475 1529 1518 examinandis
1560 1476 1792 1528 tetigimus,

283 1543 487 1585 nonnulla
524 1546 625 1585 sunt
653 1543 968 1596 perpendenda,
1007 1543 1135 1597 idque
1164 1556 1315 1586 munus
1347 1557 1396 1586 eo
1435 1544 1675 1586 accuratius
1708 1543 1796 1585 obi-

281 1610 433 1663 bimus,
480 1623 563 1665 quo
599 1612 761 1654 rectius
791 1611 1019 1666 Hasperus
1048 1616 1204 1663 monet,
1246 1625 1313 1664 ,ne
1346 1624 1682 1667 unumquemque
1719 1613 1795 1654 im-

281 1680 475 1733 peditum
516 1683 561 1721 et
591 1683 841 1732 corruptum
881 1679 1050 1722 fabulae
1091 1681 1229 1722 locum
1270 1684 1600 1722 retractatorum
1642 1680 1795 1721 studiis

280 1752 478 1791 vexatum
509 1761 603 1791 esse
638 1748 886 1801 iudicemUS,
924 1748 1174 1804 priusquam
1211 1750 1324 1791 omni
1357 1748 1579 1802 diligentia
1615 1748 1699 1790 alia
1728 1761 1794 1790 re—

278 1818 420 1860 media
449 1817 645 1873 quaesita
675 1817 788 1860 sint.‘

395 1886 517 1937 Quod
558 1885 859 1927 Reinleardtus
906 1886 948 1928 in
993 1898 1086 1928 nov.
1127 1897 1221 1927 ann.
1265 1898 1303 1927 v.
1333 1889 1408 1928 111
1453 1885 1602 1940 (1876)
1643 1899 1686 1938 p.
1714 1889 1791 1927 199

277 1954 464 1998 fabulam
504 1957 782 1997 retractatam
825 1967 919 1997 esse
959 1967 1037 2007 pro
1079 1958 1194 1997 certo
1235 1954 1453 2007 proponit,
1499 1954 1599 2009 quia
1638 1954 1793 1996 nemini

277 2023 360 2066 nisi
392 2023 570 2076 Epidico
603 2048 655 2053 —
688 2024 755 2065 cui
786 2036 881 2066 cum
912 2023 1182 2077 Lanyrelm‘o
1214 2024 1271 2076 (p.
1300 2023 1368 2076 11)
1399 2022 1683 2076 Periphanem
1717 2022 1791 2064 ad-

275 2092 452 2144 iungere
482 2104 709 2144 possumus
741 2116 796 2122 —
826 2104 896 2133 res
927 2104 1132 2144 prospere
1154 2091 1365 2143 succedat,
1397 2090 1608 2146 finemque
1639 2091 1790 2133 ‹iecur-

273 2162 412 2202 tatum
454 2158 639 2211 exhibet,
681 2159 794 2214 quod
836 2161 1073 2202 ceterarum
1114 2171 1393 2212 personarum
1433 2157 1606 2200 fortuna
1646 2158 1791 2212 iniqua

276 2229 458 2281 caligine
488 2232 721 2282 prematur,
768 2229 951 2281 prImum
992 2241 1144 2281 rogare
1186 2228 1324 2279 liceat,
1381 2227 1576 2283 quisnam
1606 2226 1692 2268 filio
1726 2226 1789 2268 in-

274 2297 488 2341 constanti
535 2300 579 2340 et
623 2297 863 2351 queruloso,
916 2297 1086 2351 procaci
1138 2296 1457 2351 Acropolistidi,
1509 2295 1789 2350 grandiloquo

272 2366 398 2408 militi
429 2365 644 2408 fortunam
680 2366 899 2408 meliorem
939 2369 1071 2419 optet,
1111 2378 1238 2420 quam
1274 2377 1382 2420 quae
1420 2363 1566 2406 fabula
1601 2364 1696 2417 ipsa
1726 2364 1789 2404 in-

271 2434 467 2478 dicetur?
517 2433 703 2477 Lenonis
734 2446 836 2477 vero
867 2437 1013 2488 partes
1045 2446 1120 2476 cur
1150 2445 1236 2476 non
1266 2435 1525 2487 spectentur,
1569 2432 1653 2474 iam
1682 2431 1788 2474 satis

269 2503 605 2545 monstravimus
636 2502 704 2557 (cf.
738 2516 779 2556 p.
807 2507 856 2544 12
880 2503 1009 2557 sqq.);
1043 2506 1086 2544 et
1116 2502 1312 2557 quamvis
1342 2514 1425 2544 non
1455 2512 1659 2553 negemus
1689 2499 1788 2542 Phi-

268 2570 432 2624 lippam
462 2569 594 2613 filiam
623 2583 768 2613 veram
798 2571 1081 2614 invenientem
1111 2582 1195 2613 non
1227 2570 1317 2612 sine
1348 2569 1557 2623 applausu
1587 2568 1631 2609 in
1662 2580 1788 2610 scena

270 2652 349 2682 nos
382 2640 553 2682 visuros
584 2652 691 2692 esse,
724 2641 762 2682 si
791 2641 833 2682 in
864 2640 1035 2694 publico
1073 2640 1155 2682 hoc
1184 2638 1319 2692 fieret,
1358 2643 1516 2688 tamen,
1550 2649 1680 2692 quum
1710 2636 1786 2679 du-

266 2708 384 2753 bium
429 2721 513 2752 non
549 2710 618 2762 sit,
657 2709 759 2766 quin
795 2711 1126 2768 congrediantur
1169 2708 1237 2763 (cf.
1270 2720 1308 2751 v.
1333 2710 1429 2759 604,
1463 2705 1578 2759 657),
1621 2708 1788 2748 tantum
