2052 3172
338 880 459 923 Inter
487 891 634 923 omnes
663 877 710 921 T.
742 877 876 922 Macci
907 875 1049 920 Plauti
1084 874 1263 928 fabulam,
1300 887 1408 929 quae
1437 878 1623 918 aetatem
1659 880 1726 919 tu-

225 950 380 1002 lerunt,
417 947 756 1003 quattuordecim
775 959 802 990 a
821 947 1014 990 Varrone
1044 957 1139 988 cum
1166 945 1259 998 ipso
1286 949 1437 998 poetae
1464 946 1630 988 nominc
1652 950 1727 988 aut

118 1025 122 1028 ’
164 1052 168 1056 .
228 1017 445 1072 adscripto
476 1019 552 1059 aut
581 1029 631 1059 ex
661 1015 970 1058 sententiarum
1000 1014 1150 1056 ordine
1171 1012 1506 1068 substituend01)
1537 1014 1727 1057 exhiberi

225 1085 489 1128 Bit-schelius
509 1085 770 1132 clarissimus
790 1084 930 1127 Plauti
950 1083 1185 1137 sospitator
1205 1083 1247 1124 in
1273 1081 1383 1125 libro
1410 1083 1483 1125 ino
1511 1084 1729 1137 eleganter

226 1155 465 1213 conscripto
496 1154 596 1208 ,Die
622 1153 799 1209 fabulae
839 1152 1151 1194 Varronianae‘
1188 1151 1287 1206 (vid.
1320 1152 1537 1206 Parergon
1567 1152 1729 1194 Plauti-

225 1236 377 1268 norum
431 1223 865 1276 Terentianorumque
919 1222 1000 1264 vol.
1043 1222 1063 1263 I
1106 1233 1202 1275 pag.
1248 1224 1300 1262 73
1342 1221 1452 1275 sqq.)
1519 1222 1726 1275 exposuit.

226 1292 398 1342 Omittit
427 1285 597 1346 q'uidem
618 1290 756 1333 Varro
786 1290 1023 1333 fabularum
1044 1289 1307 1343 quarundam
1334 1289 1377 1332 in
1398 1289 1542 1343 eisque
1563 1289 1729 1344 Epidici

227 1361 540 1415 inscriptiones.
613 1360 697 1403 Sed
741 1372 868 1413 quum
913 1359 1026 1401 haud
1070 1358 1240 1401 difficile
1291 1359 1349 1400 sit
1391 1349 1729 1412 unumquemque

225 1430 364 1476 locum
404 1426 448 1472 in
488 1428 629 1472 Plauti
669 1426 825 1471 fabulis
864 1427 1066 1483 indagare
1107 1427 1431 1482 comoediaeque
1470 1440 1635 1481 nomen,
1677 1441 1728 1470 ex

227 1512 311 1554 qua
339 1499 501 1542 relatus
532 1501 598 1540 est
626 1497 710 1551 ille,
742 1509 969 1551 apponere,
1001 1497 1045 1539 id
1074 1509 1203 1539 unum
1234 1497 1402 1549 quidem
1434 1502 1602 1540 constat
1629 1498 1729 1540 XIV

228 1567 324 1610 illas
361 1580 387 1610 a
416 1567 608 1610 Varrone
637 1565 856 1608 Plautinas
896 1565 1065 1608 habitas
1096 1576 1203 1607 esse.
1261 1565 1310 1607 In
1349 1565 1416 1608 his
1456 1566 1588 1620 igitur
1625 1566 1730 1608 locis

228 1636 307 1679 hoc
337 1648 504 1689 quoque
534 1648 560 1677 a
589 1634 782 1677 Varrone
819 1634 861 1675 in
891 1632 963 1675 lib.
997 1633 1037 1675 d.
1069 1633 1096 1675 l.
1130 1634 1156 1674 l.
1190 1633 1227 1675 V
1257 1634 1279 1687 ξ
1314 1637 1389 1675 131
1431 1635 1636 1688 scriptum
1667 1636 1729 1676 in-

227 1704 440 1747 venimus:
487 1703 688 1757 ,alterum
728 1702 843 1757 quod
879 1702 1016 1755 intus,
1063 1715 1091 1743 a
1131 1715 1225 1756 quor
1254 1702 1488 1756 intusium,
1533 1703 1581 1745 o‘d
1618 1704 1733 1758 quod

229 1773 442 1817 Plautus:
478 1771 740 1813 i-ntzcsiatam
776 1785 827 1813 ac
856 1771 1146 1813 crocotulam‘.
1209 1771 1326 1821 Quae
1355 1771 1486 1814 verba
1521 1785 1648 1826 quum
1681 1786 1731 1815 cx

228 1841 406 1897 Epidico
438 1842 493 1897 (v.
516 1844 597 1884 231
628 1840 729 1894 Gz.)
760 1839 971 1892 fluxerint,
1003 1839 1115 1894 quod
1135 1839 1298 1894 primus
1328 1853 1410 1883 non
1431 1840 1486 1882 R.
1510 1841 1731 1883 Mic'llerus

229 1912 273 1954 in
302 1910 603 1955 dissertatione
637 1909 719 1963 ‚De
749 1909 904 1951 Plauti
932 1909 1132 1963 Epidz'eo‘
1169 1908 1237 1962 (cf.
1268 1909 1398 1950 Goetsr,
1428 1911 1470 1951 in
1506 1911 1568 1953 ed.
1605 1911 1727 1964 Epid.

229 1992 333 2035 pag„
359 1978 431 2034 34)
463 1977 539 2021 Sed
568 1978 650 2019 iam
681 1977 845 2032 pridem
879 1976 927 2019 Ο.
958 1976 1193 2019 Ferrarius
1218 1977 1260 2019 in
1287 1978 1313 2019 l.
1345 1977 1426 2030 ,De
1445 1992 1491 2019 'rc
1511 1979 1731 2020 vestiare'a‘

229 2046 472 2090 observavit
501 2047 630 2100 (part.
660 2046 684 2087 I
712 2058 807 2099 pag.
842 2048 950 2097 2403
981 2046 1064 2087 vid.
1096 2049 1320 2099 praeterea
1357 2045 1408 2087 G.
1442 2046 1524 2087 Ad.
1554 2047 1732 2088 Beck-eri

229 2115 423 2169 ,Gallus‘
459 2113 511 2157 ed
555 2113 628 2156 alt.
660 2125 686 2155 a
715 2113 863 2156 Reinio
900 2126 937 2156 a.
970 2113 1232 2156 MDCCCXL
1274 2126 1360 2156 cur.
1402 2118 1501 2157 tom.
1539 2116 1601 2157 111
1633 2129 1727 2169 pag.

235 2187 315 2226 118
345 2187 389 2225 et
422 2182 534 2236 139),
570 2182 754 2236 primum
791 2182 977 2235 positum
1014 2182 1072 2224 sit
1106 2183 1289 2225 Varroni
1319 2182 1539 2235 Epidicum
1571 2184 1731 2226 Plauti-

230 2264 328 2296 nam
357 2263 453 2295 esse
481 2251 666 2305 visam.‘·')

346 2319 475 2373 Atqui
496 2319 540 2361 in
560 2332 609 2362 eo
630 2320 901 2374 acquiescere
930 2332 1014 2362 non
1034 2320 1151 2372 licet;
1184 2319 1352 2362 etiamsi
1372 2320 1482 2362 enim
1506 2321 1730 2364 clarissimi

232 2389 346 2432 illius
385 2388 648 2442 grammatici
690 2389 938 2432 auctoritati
978 2392 1106 2443 atque
1147 2389 1313 2442 studiis,
1362 2390 1405 2432 in
1445 2388 1599 2443 quibus
1640 2391 1733 2433 sine

232 2456 361 2501 dubio
389 2468 474 2499 non
505 2456 642 2499 solum
671 2457 863 2511 priorum
893 2457 1151 2511 scriptorum
1180 2456 1315 2511 libris,
1357 2458 1432 2501 scd
1462 2459 1590 2500 etiam
1621 2471 1733 2502 com-

233 2524 453 2569 mentariis
497 2525 825 2578 magistratuum
869 2538 998 2580 quum
1048 2538 1268 2569 censorum
1312 2530 1400 2568 tum
1446 2526 1645 2570 aedilium
1692 2532 1736 2570 et

232 2596 478 2650 praetorum
507 2593 765 2637 urbanorum
806 2593 1141 2649 adiuvabatur‚³)
1182 2608 1306 2649 quam
1346 2595 1571 2637 maximam
1609 2595 1735 2639 fidem

233 2662 450 2714 habemus,
492 2664 635 2704 tamen
680 2663 906 2716 scrupulus
946 2676 1030 2706 non
1062 2664 1349 2718 neglegendus
1387 2664 1569 2717 videtur,
1611 2677 1735 2718 quem

234 2730 498 2774 Ritschele'm
539 2727 661 2772 nobis
703 2730 837 2784 inicit,
878 2744 1006 2785 quum
1047 2745 1100 2775 ne
1138 2736 1298 2775 temere
1334 2732 1542 2775 Varronis
1582 2733 1737 2776 iudicio

1499 2824 1530 2850 ¹·
