2052 3172
983 141 1033 182 14

240 278 408 323 cedenti
438 276 676 321 sententiae
705 276 918 332 adsutum,
949 280 1052 320 tunc
1071 290 1119 321 re
1148 278 1328 340 metrica
1347 278 1541 322 adhibita
1569 278 1752 323 sermoni

241 347 379 391 artius
417 347 628 390 intextum
667 357 765 390 esse
794 357 878 390 non
918 345 1202 401 improbabile
1231 341 1319 391 sit.'
1343 347 1606 390 Reinhardti
1634 353 1752 393 certo

248 415 488 470 Goetximae
516 413 571 458 de
598 413 855 459 removendo
885 426 1013 458 versu
1043 413 1175 458 dubia
1202 415 1273 471 (cf.
1305 416 1398 461 Act.
1431 428 1516 460 soc.
1546 417 1663 473 Lips.
1693 418 1754 462 VI

240 497 281 540 p.
305 483 408 538 285)
438 495 546 536 eam,
575 493 703 537 quum
722 493 801 526 nos
819 482 993 526 iniimus
1013 483 1236 537 rationem,
1258 485 1436 530 turbare
1455 497 1540 530 non
1560 489 1751 541 possunt.

238 552 458 609 Imprimis
493 550 608 608 quod
643 550 943 595 Reinhardtus
981 555 1129 596 censet
1166 552 1229 597 ita
1268 565 1628 609 supervacaneum
1659 568 1753 600 esse

239 622 464 678 Epidicum
506 622 702 666 lenonem
740 621 970 676 quidquam
1009 620 1176 674 docere,
1222 623 1336 677 quod
1381 624 1454 668 ille
1497 625 1626 668 etiam
1669 637 1752 668 non

240 691 418 736 edoctus
447 691 671 748 pecuniam
702 703 749 734 se
778 689 995 745 accepisse
1015 690 1222 746 Apoecidi
1253 693 1475 747 quaerenti
1505 694 1752 749 pronuntia-

239 764 366 804 turus
396 761 469 812 sit,
499 759 757 803 monendum
787 763 856 803 est
884 759 967 803 iam
997 759 1163 814 aliquot
1192 760 1285 804 dies
1315 774 1367 819 ex
1388 763 1601 817 emptione
1628 776 1753 818 prae-

239 829 427 884 teriisse,
457 841 591 884 quare
620 827 820 872 facillime
849 827 943 871 fieri
972 831 1158 883 poterat,
1188 832 1239 873 ut
1267 829 1363 873 leno
1390 833 1518 874 antea
1536 843 1621 877 non
1639 838 1752 876 com-

240 898 507 943 monefactus
536 901 582 942 et
610 897 753 941 subito
782 910 809 941 a
837 909 941 942 sene
969 897 1023 942 de
1048 897 1192 953 puella
1210 903 1389 953 rogatus
1407 913 1535 955 quum
1555 901 1751 955 nesciret,

240 969 295 1013 de
323 980 409 1023 qua
437 966 652 1022 emptione
681 970 896 1020 ageretur,
928 970 1097 1022 tempus
1126 980 1179 1011 ex
1209 980 1260 1011 ea
1289 973 1508 1023 peractum
1537 970 1751 1025 proderet.

248 1038 345 1082 Non
373 1037 565 1091 ineptum
595 1036 730 1090 igitur
758 1035 862 1079 facit
889 1036 1107 1091 EpidicuS,
1138 1049 1266 1091 quum
1296 1030 1438 1081 lenoni
1472 1040 1641 1083 nuntiat
1669 1040 1754 1083 for-

238 1110 357 1149 tasse
386 1118 483 1149 mox
512 1104 696 1158 aliquem
727 1117 824 1148 eum
855 1105 908 1148 de
937 1105 1080 1160 puella
1097 1105 1355 1149 venumdata
1384 1107 1752 1162 interpellaturum

241 1188 356 1219 esse:
398 1177 578 1218 eventus
619 1174 732 1217 enim
762 1174 862 1229 doli,
903 1187 987 1230 quo
1017 1174 1255 1230 Apoecides
1295 1178 1339 1218 et
1367 1176 1462 1220 leno
1492 1181 1541 1220 ut
1578 1177 1631 1221 de
1659 1191 1752 1221 mm
1824 1180 1825 1183 ’

237 1245 382 1300 puella
409 1247 455 1287 et
484 1243 700 1297 emptione
722 1255 854 1297 usque
884 1245 1075 1298 cogitent
1095 1244 1335 1298 decipiendi
1354 1249 1466 1297 sunt,
1498 1246 1540 1287 in
1562 1250 1751 1301 tempore

239 1313 324 1357 iam
363 1315 617 1368 consumpto
658 1312 832 1356 celando
873 1312 1042 1368 penitus
1073 1312 1240 1368 positus
1281 1315 1360 1365 est,
1404 1312 1457 1356 de
1497 1314 1622 1357 minis
1652 1327 1751 1357 vero

238 1382 344 1426 nihil
364 1381 608 1425 cavendum.
655 1382 718 1424 Re
738 1394 840 1424 vera
859 1381 1023 1424 scilicet
1041 1382 1138 1424 leno
1159 1384 1312 1436 postea
1331 1395 1413 1424 non
1435 1383 1749 1437 interpellatur:

238 1450 316 1494 sed
344 1463 430 1505 quo
468 1450 595 1494 modo
635 1463 785 1494 servus
823 1450 904 1494 hoc
943 1450 1217 1505 praesagiat?
1275 1450 1432 1494 Videat
1461 1451 1597 1504 modo,
1643 1464 1750 1506 quae

238 1519 322 1563 sibi
338 1519 673 1574 praemunienda
688 1519 786 1570 sint,
810 1519 1055 1573 ceteroquin
1077 1518 1274 1562 fortunae
1293 1531 1372 1562 sua
1387 1518 1477 1562 fata
1500 1521 1750 1564 committat:

238 1601 290 1631 ex
320 1588 405 1631 illis
445 1587 558 1631 euim
599 1591 845 1643 spectantes
885 1587 1139 1642 sapientiam
1179 1586 1272 1630 eius
1303 1586 1502 1642 pendent,
1543 1587 1586 1630 in
1616 1588 1682 1632 bis
1713 1589 1749 1631 si

237 1661 391 1713 poetae
423 1661 564 1701 certas
603 1669 774 1700 normas
810 1657 1163 1711 praescriberent,
1215 1656 1349 1710 iniqui
1380 1660 1535 1699 essent.
1595 1657 1749 1708 Quam-

236 1738 363 1781 quam
393 1726 472 1770 1100
501 1726 642 1782 ipsum
662 1725 924 1769 recentiores
952 1724 1104 1769 fecisse
1125 1725 1305 1777 invenio,
1337 1737 1466 1779 quum
1485 1725 1751 1769 offenderunt

236 1794 430 1839 lenonem
459 1800 612 1851 postea
641 1795 725 1839 iam
754 1807 838 1839 non
868 1795 1190 1839 commemorari
1222 1793 1292 1850 (cf.
1324 1794 1659 1850 Reinhardtum,
1690 1795 1746 1839 R.

235 1864 497 1919 Mullmcm,
551 1865 794 1918 Goetzium,
835 1864 1162 1919 Lamyrehrium
1198 1865 1225 1906 l.
1258 1876 1291 1907 s.
1323 1875 1356 1906 s.
1401 1864 1748 1907 retractationem

235 1933 334 1976 inde
354 1932 588 1990 cogentes).
634 1934 746 1976 Prae
775 1926 1274 1977 ceterisReinhardtum
1295 1932 1512 1983 miramur,
1543 1933 1615 1985 qui
1637 1932 1747 1986 quod

235 2001 279 2044 in
300 1999 566 2053 Curculione,
597 2001 825 2053 Pseudulo,
856 2001 1058 2054 Poenulo,
1087 2001 1235 2052 Persa,
1268 1999 1464 2044 Rudente
1483 1999 1656 2044 lenones
1677 2001 1749 2044 de-

235 2070 462 2126 cipiantur,
492 2070 537 2113 in
555 2070 733 2126 Epidico
764 2065 902 2114 simile
930 2069 1094 2134 aliquid
1115 2069 1346 2121 desiderat,
1376 2080 1628 2122 quamquam
1658 2069 1750 2124 ipse

234 2139 375 2183 locum
404 2139 467 2182 ita
487 2139 812 2194 iuterpretatur,
844 2142 894 2182 ut
922 2124 1024 2194 quid
1053 2138 1108 2183 de
1138 2139 1291 2182 lenone
1311 2136 1387 2181 fiat
1415 2137 1470 2180 ab
1499 2130 1750 2192 argumento

235 2206 405 2251 fabulae
446 2219 624 2263 prorsus
662 2208 848 2251 alienum
886 2208 958 2252 sit.
1017 2207 1187 2262 Neque
1207 2206 1345 2260 magis
1383 2204 1589 2247 Goetxius
1627 2206 1748 2250 nobis

235 2276 456 2331 probatur,
488 2276 560 2330 qui
581 2276 790 2332 imprimis
815 2279 1056 2331 postremos
1084 2288 1239 2320 versus
1260 2273 1530 2319 obscuriores
1561 2277 1605 2317 et
1625 2275 1749 2318 stric-

234 2345 369 2388 tiores
399 2356 525 2399 quam
569 2356 646 2399 pro
682 2344 825 2404 Plauti
866 2345 966 2388 stilo
1006 2345 1143 2388 videri
1184 2344 1329 2386 dicens
1369 2354 1448 2385 nos
1487 2342 1660 2394 inducit,
1701 2347 1750 2386 ut

234 2414 464 2457 vernacula
492 2413 639 2468 lingua
667 2401 805 2458 totum
835 2413 972 2458 locum
1003 2413 1289 2469 proferamusz

697 2482 784 2537 Ep.
817 2482 976 2525 Diesen
1006 2483 1177 2526 Streich
1207 2494 1294 2525 nun
1324 2480 1421 2523 hab'
1453 2480 1630 2524 erdacht
1659 2481 1746 2524 ich:

235 2550 456 2595 Besuchen
478 2551 563 2595 will
584 2550 652 2594 1011
671 2550 800 2594 allein
821 2550 904 2595 den
920 2550 1036 2594 Wirt
1054 2564 1107 2595 zu
1122 2551 1256 2603 Haus,
1280 2548 1365 2592 ihm
1377 2548 1583 2603 Weisung
1598 2547 1746 2603 geben,

235 2621 296 2663 Er
324 2624 462 2673 moge,
493 2632 614 2663 wenn
644 2632 741 2663 man
771 2633 836 2663 zu
832 2620 931 2663 ihm
961 2621 1136 2673 kommt,
1167 2620 1236 2662 die
1256 2618 1449 2671 Zahlung
1477 2618 1746 2680 zugest'ehen,

235 2689 449 2744 [Dreissig
490 2689 634 2732 Minen
677 2689 788 2733 habe
833 2702 880 2732 er
925 2688 1184 2733 einkassiert
1212 2687 1283 2731 fiir
1313 2686 1382 2730 die
1411 2685 1641 2730 Harfnerin
1684 2678 1747 2731 als

1337 2756 1602 2811 Kaufpreis]:
