2052 3172
1029 154 1079 198 18

298 302 524 351 personam
556 293 641 337 sibi
671 293 916 347 impositam
951 306 977 336 a
1008 305 1131 336 servo
1162 306 1244 336 non
1275 292 1519 335 sustinere?
1558 292 1650 335 Hoc
1678 293 1812 347 igitur

299 365 337 408 si
367 363 477 408 effici
505 359 662 418 potest}
703 362 889 416 puellam
930 363 1056 407 aliter
1095 375 1223 418 agere
1263 364 1339 405 aut
1368 364 1558 405 coactam
1599 373 1694 405 esse
1736 367 1811 406 aut

299 433 429 475 etiam
459 431 661 484 voluisse,
693 443 820 484 quam
860 442 1011 474 servus
1042 435 1279 481 censuerat,
1320 429 1529 482 simulque
1559 434 1729 483 poetam
1759 444 1809 473 eo

298 501 577 555 ingeniosum,
610 512 695 543 non
729 499 918 554 ineptum
957 512 1003 544 se
1032 499 1316 556 praestitisse,
1348 498 1431 540 iam
1457 510 1580 541 nemo
1610 498 1706 552 erit,
1737 498 1810 552 qui

297 569 352 611 ad
392 569 795 611 contaminationem
837 572 912 611 aut
950 570 1299 613 retractationem
1341 568 1468 622 (Gx.)
1509 568 1720 610 decurrat.
1755 593 1809 598 —

297 639 438 692 Atque
468 639 512 681 in
540 638 621 682 hac
650 651 699 681 re
718 651 892 682 necesse
918 642 986 682 est
1016 639 1059 682 in
1089 638 1228 682 animo
1259 636 1387 680 fixum
1418 641 1649 689 teneamus,
1681 649 1809 692 quae-

300 719 399 750 nam
428 706 634 761 Epidicus
674 705 887 749 fidicinam
929 707 1135 761 docuerit,
1178 706 1290 761 quod
1330 706 1429 748 inde
1468 708 1667 749 universa
1705 706 1809 749 haec

296 776 493 830 quaestio
526 775 739 830 profluere
772 776 954 819 debebit.
1002 776 1160 820 Audiet
1180 775 1379 819 videlicet
1397 775 1472 819 illa
1492 775 1807 819 adulescentem

296 844 508 899 quendam
539 844 718 889 amicam
748 843 1029 887 liberaturum
1050 858 1145 888 esse
1164 848 1288 899 patre
1309 844 1455 898 inscio,
1487 845 1559 898 qui
1586 844 1701 886 illam
1720 843 1807 886 filio

295 914 582 967 praemercari
601 925 731 955 avens
762 914 823 955 ita
845 913 1121 967 decipiendus
1152 914 1222 966 sit,
1254 916 1303 955 ut
1323 913 1417 966 ipsa
1436 912 1605 956 fidicina
1620 924 1672 966 vse
1693 912 1808 956 illam

296 995 393 1025 esse
427 985 708 1035 ‘emptamque
762 981 947 1035 simulet,
1012 982 1110 1025 dum
1164 982 1277 1025 filius
1328 982 1506 1024 amicam
1557 982 1807 1026 servaverit.

300 1050 466 1093 Prioris
496 1048 661 1092 fraudis
682 1049 751 1091 vel
781 1049 933 1092 saltem
951 1051 1279 1105 Acropolistidis
1310 1051 1565 1093 mentionem
1587 1062 1662 1092 cur
1681 1049 1810 1093 faciat

297 1130 461 1170 servus,
500 1118 734 1170 excogitari
764 1118 847 1160 non
878 1123 1035 1172 potest,
1075 1133 1203 1173 quum
1234 1119 1309 1162 illa
1340 1118 1582 1161 iamdudum
1619 1117 1809 1172 perfecta

300 1187 358 1230 sit
387 1198 465 1230 nec
504 1198 615 1229 novo
657 1186 756 1228 dolo
788 1186 849 1228 ita
879 1188 1116 1240 coniuncta,
1161 1191 1209 1230 ut
1239 1187 1341 1229 item
1372 1187 1561 1229 docenda
1592 1188 1805 1238 videatur3

294 1256 543 1309 neutiquam
564 1267 714 1297 servus
744 1255 922 1297 militem
946 1259 1033 1299 tam
1053 1256 1352 1309 intempestive
1372 1256 1664 1298 advenientem
1686 1268 1808 1309 prae-

297 1324 430 1379 sagit:
463 1323 516 1367 de
546 1323 627 1366 hoc
646 1323 848 1366 nimirum
869 1324 974 1367 nihil
1003 1325 1224 1379 prospicit.
1271 1325 1350 1367 His
1371 1325 1504 1378 igitur
1524 1324 1634 1367 dolis
1654 1327 1809 1366 onusta

294 1393 466 1436 fidicina
486 1393 659 1435 senibus
689 1393 879 1436 traditur
899 1394 1153 1448 domumque
1175 1394 1308 1437 intrat
1339 1395 1394 1448 (v.
1415 1397 1496 1436 399
1516 1393 1639 1447 sqq).
1687 1393 1804 1444 Quod

294 1466 438 1505 autem
478 1465 632 1516 postea
673 1461 867 1505 fraudem
906 1463 1064 1517 prodit,
1107 1463 1234 1506 nobis
1284 1463 1439 1517 duplex
1484 1461 1807 1516 argumentandi

296 1532 410 1574 ratio
440 1534 616 1584 praesto
649 1534 726 1573 est.

409 1599 599 1641 Primum
630 1599 742 1642 enim
772 1600 808 1642 si
830 1600 1027 1654 ponimus
1061 1600 1298 1655 Epidicum
1324 1600 1522 1655 puellam
1557 1599 1804 1654 Stratippo-

293 1667 386 1720 elis,
428 1667 709 1722 PeriphaniS,
756 1668 988 1722 Apoecidis
1027 1669 1212 1710 nomina
1255 1670 1423 1722 celasse,
1465 1669 1570 1711 nihil
1612 1681 1635 1710 e
1664 1681 1807 1710 rerum

293 1740 449 1780 eventu
478 1736 569 1780 veri
601 1736 784 1780 similius
815 1741 883 1780 est
912 1749 1037 1792 quam
1060 1737 1253 1781 fraudem
1283 1736 1489 1792 patefieri.
1540 1737 1648 1779 Nam
1679 1748 1805 1790 quum

292 1806 367 1847 illa
403 1805 518 1848 foras
555 1806 709 1848 educta
747 1807 802 1861 (v.
827 1807 929 1860 472)
962 1807 1110 1849 audiat
1138 1807 1305 1860 Epidici
1345 1807 1465 1849 dolos
1501 1807 1640 1860 palam
1672 1805 1808 1848 factos

293 1886 388 1916 esse
418 1875 474 1929 (v.
493 1878 577 1917 475
596 1887 702 1929 sqq.,
734 1887 843 1929 quae
874 1888 899 1918 a
927 1875 1063 1918 milite
1093 1876 1146 1918 de
1169 1875 1319 1931 priore
1349 1875 1484 1920 amica
1505 1875 1588 1918 dici
1609 1874 1807 1929 etipsam

292 1946 337 1984 et
366 1943 649 1996 Periphanem
679 1944 805 1997 plane
835 1943 977 1997 fugit),
1010 1948 1054 1986 et
1084 1945 1175 1997 ipse
1197 1945 1455 1986 astutiarum
1484 1945 1702 1997 magister,
1735 1944 1807 1997 qui

292 2024 402 2054 unus
444 2012 484 2054 ei
525 2012 705 2056 suadere
746 2016 904 2067 potest,
947 2014 1029 2056 iam
1070 2013 1236 2068 pridem
1277 2011 1582 2061 seabduxerit
1620 2013 1663 2055 in
1695 2012 1808 2055 senis

292 2079 455 2122 ditione
486 2080 659 2123 minime
689 2081 784 2123 miti
815 2082 871 2136 (v.
894 2085 979 2123 400
1000 2082 1110 2135 sqq.)
1142 2082 1278 2135 ipsam
1307 2082 1569 2134 relinquens:
1602 2082 1697 2134 quis
1727 2085 1806 2133 est,

291 2149 364 2203 qui
394 2161 488 2192 eam
508 2149 701 2202 miretur,
733 2150 771 2192 si
792 2148 961 2193 dubitat
981 2162 1188 2205 responso
1209 2150 1307 2193 ficto
1329 2151 1447 2204 <post
1462 2163 1499 2193 v.
1517 2149 1619 2204 495)
1650 2150 1808 2192 sociam

291 2217 470 2269 fraudis,
513 2230 621 2271 quae
651 2218 736 2260 iam
768 2219 937 2262 detecta
968 2220 1149 2271 videtur,
1194 2232 1240 2263 se
1269 2220 1480 2274 prodere?
1528 2220 1648 2262 Licet
1676 2219 1809 2273 igitur

294 2280 440 2328 antea'
453 2298 579 2329 servo
599 2287 849 2340 promiserit
870 2300 917 2330 se
937 2301 1032 2331 cum
1057 2300 1107 2331 eo
1129 2287 1338 2331 facturam
1360 2301 1467 2341 esse,
1500 2292 1642 2331 tamen
1663 2289 1810 2342 inepta

291 2354 518 2397 admodum
550 2359 595 2397 et
625 2356 872 2410 imprudens
904 2361 1033 2409 esset,
1065 2358 1102 2400 si
1134 2358 1301 2400 inanem
1333 2358 1476 2401 dolum
1498 2358 1610 2400 tueri
1630 2357 1808 2400 studens

292 2422 374 2466 sibi
405 2424 500 2478 ipsa
535 2425 648 2468 mala
683 2430 877 2480 pararet3
919 2438 1015 2469 nam
1054 2439 1188 2478 ‚suam
1225 2427 1404 2481 quisque
1440 2426 1566 2469 homo
1601 2439 1691 2485 rem
1721 2438 1808 2468 me-

290 2493 442 2545 minit‘‚
488 2497 538 2536 ut
567 2495 747 2538 Plautus
778 2496 873 2550 ipse
903 2496 976 2538 ait.
1023 2496 1093 2538 Ita
1121 2509 1222 2539 vero
1243 2496 1525 2550 Periphanem
1555 2509 1592 2538 v.
1610 2499 1693 2538 495
1724 2507 1807 2538 non

291 2561 456 2605 fraudis
488 2563 812 2618 investigandae
843 2565 920 2608 sed
951 2565 1017 2608 sui
1048 2565 1281 2607 tentandae
1319 2577 1448 2608 causa
1477 2577 1632 2619 rogare
1669 2563 1808 2618 suspi-

291 2633 484 2687 catur‚1⁷)
515 2636 560 2675 et
588 2645 717 2687 quum
749 2634 863 2676 servi
893 2635 1141 2677 societatem
1173 2634 1342 2677 omnino
1373 2633 1644 2677 dissimulans
1675 2632 1808 2675 libere

291 2701 515 2756 quaerenti
547 2702 639 2744 seni
669 2703 913 2756 respondet,
945 2716 998 2746 ne
1028 2703 1082 2746 de
1113 2703 1427 2757 Acropolistide
1457 2702 1629 2757 quidem
1658 2701 1808 2756 Epidi-

290 2783 385 2813 cum
416 2772 530 2813 tueri
566 2775 723 2825 potest,
762 2784 890 2824 quum
928 2784 954 2814 a
984 2785 1066 2825 quo
1104 2776 1281 2825 rogetur
1315 2772 1440 2825 plane
1476 2770 1719 2824 ignoretffl).
1753 2795 1806 2800 —
