2052 3172
1041 145 1096 190 74

402 281 461 327 37)
501 281 592 318 Post
630 280 817 318 &omium
854 280 952 317 Sam.
997 272 1204 319 Bra‘ndtius
1244 283 1283 319 in
1319 294 1402 320 nov.
1438 283 1559 320 annal.
1595 283 1663 320 117
1702 282 1819 329 (1878)

310 354 346 388 p.
359 342 522 380 385-«89
546 342 772 380 versum233
796 338 966 396 ἄμετρον
989 353 1127 381 merum
1151 344 1441 382 additamentum
1453 344 1619 391 quamvis
1633 331 1822 382 vetustnm

310 415 390 441 esse
413 405 534 442 voluit
556 405 696 442 duobus
720 416 766 443 ex
789 407 954 444 versibus
976 407 1160 443 truncatis
1185 406 1223 443 in
1246 417 1360 443 unum
1384 408 1584 444 confusum.
1622 407 1821 453 Quomodo-

311 473 452 508 cunque
475 473 535 499 res
559 473 599 500 se
622 464 745 511 habet,
770 475 842 501 non
868 468 925 501 cst
949 476 1013 501 cur
1038 475 1120 501 eum
1143 464 1250 501 nimis
1275 465 1383 502 anxie
1407 468 1581 511 tutemur,
1607 468 1716 510 quum
1741 475 1821 502 sen-

309 520 431 556 tentia
452 526 581 557 nostra
619 525 658 556 et
680 525 820 557 remoto
861 526 900 558 et
923 526 1069 558 servato
1095 523 1158 558 illo
1194 532 1311 567 aeque
1347 522 1417 558 sibi
1444 525 1597 558 constet.
1644 522 1687 557 Id
1711 533 1823 563 uuum

309 578 413 615 nobis
436 589 509 615 non
532 579 661 625 liquet,
688 590 752 615 cur
776 590 922 616 versum
944 580 1092 616 aliunde
1122 579 1305 616 intrusum
1328 583 1508 626 putemus,
1543 590 1616 615 non
1639 578 1822 616 Plautinis

309 638 504 684 particulis
529 638 654 682 eisque
677 637 831 683 Epidico
856 637 1014 683 propriis
1040 637 1282 674 commixtum.

401 763 461 807 38)
487 762 624 798 Contra
647 773 714 799 sua
738 763 883 798 ratione
907 763 1014 799 nixus
1039 763 1290 809 Langrehrius
1321 763 1347 798 l.
1372 774 1400 799 s,
1424 774 1452 799 s.
1476 774 1511 808 p.
1535 763 1581 798 14
1605 762 1711 798 dicitz
1738 763 1821 808 ,for-

309 822 409 855 tasse
435 819 548 856 etiam
571 820 621 863 H,
635 819 751 865 2,109
776 819 857 864 (294
871 820 949 864 ΘΖ.)
975 830 1102 856 versus
1127 820 1253 856 multis
1278 819 1340 856 ille
1365 820 1559 856 lacessitus
1584 829 1629 855 ex
1648 820 1717 856 hac
1742 830 1821 869 sen-

309 876 431 913 tentia
454 879 579 922 potest
603 876 780 922 explicari
805 880 843 912 et
866 877 1037 923 defendi‘,
1063 888 1172 922 quam
1184 877 1409 914 sententiam
1427 876 1501 913 iam
1525 876 1666 913 affatim
1689 887 1820 923 reppu-

308 934 395 970 lisse
419 934 523 971 nobis
546 934 723 971 videmur.

400 1060 460 1105 39)
486 1060 734 1097 Reinhardtus
758 1063 885 1096 censet
907 1060 931 1096 1.
956 1071 984 1096 s.
1009 1071 1036 1095 s.
1068 1071 1102 1105 p.
1127 1060 1195 1096 105
1219 1069 1369 1096 necesse
1400 1070 1479 1095 esse
1503 1062 1699 1105 argentum
1721 1060 1821 1105 prius

309 1116 400 1162 dari,
439 1127 548 1163 quam
579 1116 728 1154 fidicina
764 1128 786 1154 a
810 1117 940 1154 lenone
977 1117 1192 1163 abducatur,
1228 1116 1323 1152 unde
1361 1116 1465 1162 sequi
1502 1116 1541 1153 in
1577 1116 1820 1163 praecedente

307 1185 415 1211 versu
440 1175 511 1213 294
548 1175 593 1210 de
617 1175 831 1211 abducenda
867 1176 914 1211 ad
937 1175 1180 1220 Periphanem
1215 1174 1365 1210 fidicina
1401 1185 1602 1210 sermonem
1622 1175 1715 1211 -fieri
1749 1186 1821 1211 non

307 1242 430 1278 posse3
466 1232 574 1269 male.
621 1232 779 1268 Necesse
816 1232 912 1268 enim
937 1235 1036 1268 esset
1070 1252 1117 1257 —
1152 1231 1184 1267 si
1207 1241 1294 1268 vere
1317 1232 1386 1267 hoc
1409 1232 1515 1267 fieret
1550 1252 1596 1258 -—
1627 1235 1820 1279 argentum

308 1289 410 1335 prius
434 1289 527 1335 dari,
552 1301 662 1335 quam
684 1289 835 1325 fidicina
859 1301 881 1326 a
904 1291 1035 1326 lenone
1061 1290 1316 1335 abduceretur,
1341 1289 1405 1325 sed
1427 1299 1501 1326 non
1513 1300 1662 1326 necesse
1678 1293 1736 1325 est
1748 1289 1821 1326 iam

309 1347 347 1382 in
372 1346 564 1391 colloquio,
601 1346 698 1390 quod
721 1347 790 1381 hac
815 1346 859 1381 de
883 1356 923 1381 re
948 1346 1046 1381 inter
1070 1355 1214 1382 servum
1249 1356 1426 1390 senesque
1450 1346 1503 1391 fit,
1539 1347 1635 1382 huno
1660 1347 1820 1382 ordinem

308 1403 466 1449 servar13
502 1413 587 1439 nam
612 1401 693 1448 quis
723 1402 887 1439 offendat
908 1401 1102 1448 Epidicum
1131 1405 1216 1447 post
1239 1402 1435 1448 Apoecidis
1465 1403 1577 1440 verba
1601 1414 1635 1440 v.
1658 1403 1728 1440 294
1761 1415 1819 1440 ca—

308 1465 467 1506 ventem,
496 1470 542 1496 ne
567 1470 626 1496 res
650 1459 729 1496 sine
759 1471 826 1496 sua
858 1460 988 1496 fraude
1017 1459 1241 1505 perficiatur,
1273 1471 1383 1505 quum
1411 1461 1633 1506 marsupium
1667 1465 1821 1506 occupet

307 1519 363 1555 his
387 1517 526 1555 verbis:
552 1517 686 1563 ,Atque
712 1519 906 1563 argentum
932 1528 1012 1554 cum
1026 1518 1095 1553 hoc
1119 1517 1236 1554 feram
1260 1518 1284 1554 i.
1302 1528 1333 1554 e.
1357 1518 1430 1554 und
1455 1518 1514 1554 ioh
1538 1518 1658 1556 werde
1671 1518 1730 1555 bei
1756 1519 1821 1555 der

308 1576 528 1614 Geschichte
553 1576 624 1612 den
647 1575 931 1612 Sackelmeister
953 1576 1144 1612 machen‘?

398 1703 457 1747 40)
496 1702 551 1739 cf.
576 1705 741 1739 nostrum
778 1701 870 1745 ‚eine
907 1712 1027 1748 ganze
1056 1702 1233 1738 Kuhhaut
1257 1702 1355 1747 voll‘,
1395 1713 1464 1747 quo
1502 1703 1615 1749 vulgo
1653 1702 1817 1748 quamvis

307 1760 449 1806 copiam
472 1759 695 1806 significant.

397 1886 457 1931 41)
482 1886 638 1922 Usuram
664 1887 980 1920 commemoratam
998 1885 1053 1928 ·(v.
1078 1885 1135 1928 54,
1150 1884 1228 1928 115,
1243 1885 1325 1928 252)
1359 1884 1641 1930 Stratippoclem
1667 1895 1711 1921 ex
1735 1896 1816 1930 pro—

305 1943 386 1990 prio
411 1943 485 1979 iam
509 1945 596 1979 ante
621 1940 773 1978 solvisse
798 1951 833 1977 v.
848 1940 916 1977 115
940 1941 1136 1977 manifesto
1161 1944 1332 1986 testatur,
1359 1952 1429 1987 quo
1454 1941 1545 1978 nihil
1567 1941 1640 1978 nisi
1663 1941 1816 1988 emptio-

304 2000 361 2036 nis
385 2000 544 2046 pretium
572 1999 748 2045 postulat,
787 2009 902 2043 eoque
940 1999 1057 2034 minus
1095 1999 1304 2035 addubitari
1339 2002 1474 2045 potest,
1511 2000 1607 2044 quod
1631 2000 1818 2035 fenerator

305 2058 383 2104 ipse
398 2058 562 2094 Athenas
585 2056 774 2103 profectus
799 2058 948 2101 praeter
962 2056 1027 2091 XL
1052 2056 1136 2092 illas
1161 2056 1278 2092 minas
1301 2055 1445 2092 itineris
1470 2067 1612 2103 quoque
1636 2056 1817 2102 impensas

305 2116 344 2151 in
374 2115 568 2151 discrimen
605 2113 722 2149 duxit.
771 2114 874 2157 Quod
910 2124 996 2149 vero
1030 2114 1271 2160 Vissem‘nqius
1307 2114 1479 2151 observat
1518 2115 1555 2159 (l.
1581 2126 1608 2150 s.
1633 2125 1662 2150 s.
1697 2126 1732 2160 p.
1757 2114 1815 2157 16)

304 2183 438 2210 usurae
462 2172 564 2209 illam
587 2170 808 2208 mentionem
833 2182 867 2207 v.
885 2171 932 2207 54
957 2171 1132 2211 eiusmodi
1158 2181 1248 2215 esse,
1273 2174 1316 2207 ut
1340 2182 1412 2207 non
1435 2171 1506 2207 nisi
1529 2171 1624 2208 risus
1648 2171 1816 2208 movendi

306 2241 418 2266 causa
446 2240 527 2266 eam
551 2228 773 2275 expressisse
797 2228 967 2273 videatur
990 2232 1112 2275 poeta,
1138 2239 1247 2274 quum
1272 2228 1327 2265 ita
1349 2229 1475 2274 postL
1500 2228 1577 2265 dies
1602 2229 1707 2267 fenus
1726 2229 1816 2266 sorti

305 2288 552 2332 adaequatum
575 2286 636 2331 sit,
661 2286 723 2323 vix
747 2285 896 2322 dubium
911 2289 979 2330 est,
1005 2286 1093 2332 quin
1105 2287 1261 2322 Plautus
1289 2286 1339 2322 ad
1359 2297 1463 2322 suum
1488 2291 1622 2332 tempus
1645 2285 1815 2330 illuserit,

305 2356 375 2390 quo
402 2345 593 2382 civitatem
618 2345 743 2381 fenore
767 2344 954 2380 laborasse
979 2344 1105 2380 Livius
1129 2343 1238 2380 testis
1264 2346 1321 2380 est
1347 2344 1508 2390 (XXXV,
1521 2344 1570 2388 7).
1616 2343 1672 2380 De
1698 2344 1815 2380 altero

303 2402 382 2437 loco
407 2402 635 2449 Lanqrehrio
660 2405 830 2449 suspecto
861 2413 896 2438 v.
919 2402 1081 2439 296-98
1108 2402 1281 2447 (287-89
1303 2402 1363 2446 L.)
1402 2402 1448 2437 cf.
1474 2412 1585 2447 supra
1608 2413 1643 2448 p.
1669 2401 1714 2438 12
1737 2413 1815 2448 sqq.

393 2540 453 2583 42)
480 2540 535 2575 Cf.
569 2539 608 2575 0.
635 2540 681 2575 F.
703 2540 759 2575 W.
785 2540 933 2575 Mffller.
957 2540 1080 2575 Plaut.
1105 2539 1277 2575 Prosodie
1308 2551 1343 2584 p.
1367 2540 1452 2576 633:
1490 2540 1592 2584 ‚Wer
1623 2541 1727 2576 zahlt
1755 2540 1814 2576 die

302 2596 575 2644 plautinischen
601 2597 727 2643 Verse,
769 2596 829 2632 die
853 2596 1055 2634 verdorben
1079 2597 1158 2633 sein
1181 2600 1326 2654 miissben
1362 2597 1437 2633 und
1471 2596 1590 2633 denen
1626 2597 1719 2634 ohne
1744 2598 1815 2635 Ge-

303 2655 614 2701 waltthetigkeit,
650 2655 710 2691 die
735 2656 829 2691 aller
851 2655 1250 2691 Wahrscheinliohkeit
1281 2655 1464 2700 entbehrt,
1499 2655 1590 2691 doch
1612 2655 1715 2692 nicht
1738 2656 1814 2692 bei-

302 2712 517 2749 zukommen
540 2711 627 2749 ist?‘
675 2712 845 2751 Ceterum
868 2712 938 2749 huc
966 2722 1010 2749 ea
1046 2723 1190 2758 quoque
1224 2713 1358 2758 refero,
1396 2722 1491 2758 quae
1526 2711 1622 2749 idem
1656 2711 1722 2749 ille
1758 2712 1816 2750 vir

301 2769 576 2806 litteratissimus
601 2770 646 2806 de
670 2781 705 2807 v.
721 2770 884 2807 485—95
911 2771 984 2815 (HI
996 2770 1030 2815 4,
1043 2770 1207 2816 49—59),
1233 2770 1417 2807 517—525
1444 2769 1724 2816 (1114,80—88)
1753 2771 1814 2807 ob-
