<?xml version="1.0" encoding="UTF-8"?>
<!DOCTYPE html PUBLIC "-//W3C//DTD XHTML 1.0 Transitional//EN"
    "http://www.w3.org/TR/xhtml1/DTD/xhtml1-transitional.dtd">
<html xmlns="http://www.w3.org/1999/xhtml" xml:lang="en" lang="en">
 <head>
  <title>
</title>
<meta http-equiv="Content-Type" content="text/html;charset=utf-8" />
  <meta name='ocr-system' content='tesseract 3.04.00' />
  <meta name='ocr-capabilities' content='ocr_page ocr_carea ocr_par ocr_line ocrx_word'/>
</head>
<body>
  <div class='ocr_page' id='page_1' title='image "4737867_0028.png"; bbox 0 0 2052 3172; ppageno 0'>
   <div class='ocr_carea' id='block_1_1' title="bbox 1010 109 1059 150">
    <p class='ocr_par' dir='ltr' id='par_1_1' title="bbox 1010 109 1059 150">
     <span class='ocr_line' id='line_1_1' title="bbox 1010 109 1059 150; baseline 0 0"><span class='ocrx_word' id='word_1_1' title='bbox 1010 109 1059 150; x_wconf 91' lang='lat'><strong>15</strong></span> 
     </span>
    </p>
   </div>
   <div class='ocr_carea' id='block_1_2' title="bbox 897 165 1170 172">
    <p class='ocr_par' dir='ltr' id='par_1_2' title="bbox 897 165 1170 172">
     <span class='ocr_line' id='line_1_2' title="bbox 897 165 1170 172; baseline 0 0"><span class='ocrx_word' id='word_1_2' title='bbox 897 165 1170 172; x_wconf 95' lang='lat' dir='ltr'><strong> </strong></span> 
     </span>
    </p>
   </div>
   <div class='ocr_carea' id='block_1_3' title="bbox 232 241 1782 2785">
    <p class='ocr_par' dir='ltr' id='par_1_3' title="bbox 232 241 1782 358">
     <span class='ocr_line' id='line_1_3' title="bbox 232 241 1782 301; baseline 0.002 -14"><span class='ocrx_word' id='word_1_3' title='bbox 232 289 236 292; x_wconf 69' lang='grc'>,</span> <span class='ocrx_word' id='word_1_4' title='bbox 279 241 389 288; x_wconf 84' lang='lat' dir='ltr'><strong>Hab&#39;</strong></span> <span class='ocrx_word' id='word_1_5' title='bbox 419 244 559 300; x_wconf 89' lang='lat' dir='ltr'><strong>ich&#39;[s]</strong></span> <span class='ocrx_word' id='word_1_6' title='bbox 589 244 697 287; x_wconf 91' lang='lat' dir='ltr'><strong>doch</strong></span> <span class='ocrx_word' id='word_1_7' title='bbox 738 244 872 288; x_wconf 88' lang='lat' dir='ltr'><strong>selbst</strong></span> <span class='ocrx_word' id='word_1_8' title='bbox 903 249 1152 301; x_wconf 83' lang='lat' dir='ltr'><strong>vorgeste&#39;rn</strong></span> <span class='ocrx_word' id='word_1_9' title='bbox 1193 249 1283 291; x_wconf 82' lang='lat' dir='ltr'><strong>erst</strong></span> <span class='ocrx_word' id='word_1_10' title='bbox 1311 245 1480 289; x_wconf 86' lang='lat' dir='ltr'><strong>bezahlt</strong></span> <span class='ocrx_word' id='word_1_11' title='bbox 1518 246 1597 289; x_wconf 88' lang='lat' dir='ltr'><strong>mit</strong></span> <span class='ocrx_word' id='word_1_12' title='bbox 1635 246 1782 290; x_wconf 86' lang='lat' dir='ltr'><strong>diesen</strong></span> 
     </span>
     <span class='ocr_line' id='line_1_4' title="bbox 1374 314 1552 358; baseline -0.006 0"><span class='ocrx_word' id='word_1_13' title='bbox 1374 314 1552 358; x_wconf 73' lang='lat' dir='ltr'><strong>Handen</strong></span> 
     </span>
    </p>

    <p class='ocr_par' dir='ltr' id='par_1_4' title="bbox 278 382 1780 438">
     <span class='ocr_line' id='line_1_5' title="bbox 278 382 1780 438; baseline 0.001 -12"><span class='ocrx_word' id='word_1_14' title='bbox 278 382 367 426; x_wconf 76' lang='lat' dir='ltr'><strong>Fur</strong></span> <span class='ocrx_word' id='word_1_15' title='bbox 395 382 519 426; x_wconf 89' lang='lat' dir='ltr'><strong>deine</strong></span> <span class='ocrx_word' id='word_1_16' title='bbox 539 383 766 436; x_wconf 86' lang='lat' dir='ltr'><strong>Freundin,</strong></span> <span class='ocrx_word' id='word_1_17' title='bbox 793 383 903 438; x_wconf 77' lang='lat' dir='ltr'><strong>Jene,</strong></span> <span class='ocrx_word' id='word_1_18' title='bbox 935 383 1004 427; x_wconf 89' lang='lat' dir='ltr'><strong>die</strong></span> <span class='ocrx_word' id='word_1_19' title='bbox 1034 383 1133 427; x_wconf 89' lang='lat' dir='ltr'><strong>dein</strong></span> <span class='ocrx_word' id='word_1_20' title='bbox 1154 384 1287 428; x_wconf 89' lang='lat' dir='ltr'><strong>Vater</strong></span> <span class='ocrx_word' id='word_1_21' title='bbox 1315 383 1386 427; x_wconf 82' lang='lat' dir='ltr'><strong>fiir</strong></span> <span class='ocrx_word' id='word_1_22' title='bbox 1415 384 1506 427; x_wconf 90' lang='lat' dir='ltr'><strong>sein</strong></span> <span class='ocrx_word' id='word_1_23' title='bbox 1526 383 1640 427; x_wconf 89' lang='lat' dir='ltr'><strong>Kind</strong></span> <span class='ocrx_word' id='word_1_24' title='bbox 1669 384 1780 438; x_wconf 83' lang='lat' dir='ltr'><strong>halt;</strong></span> 
     </span>
    </p>

    <p class='ocr_par' dir='ltr' id='par_1_5' title="bbox 278 451 1781 574">
     <span class='ocr_line' id='line_1_6' title="bbox 278 451 1781 507; baseline 0 -12"><span class='ocrx_word' id='word_1_25' title='bbox 278 451 344 495; x_wconf 91' lang='lat' dir='ltr'><strong>Da</strong></span> <span class='ocrx_word' id='word_1_26' title='bbox 383 451 488 495; x_wconf 88' lang='lat' dir='ltr'><strong>wird</strong></span> <span class='ocrx_word' id='word_1_27' title='bbox 526 452 602 495; x_wconf 89' lang='lat' dir='ltr'><strong>der</strong></span> <span class='ocrx_word' id='word_1_28' title='bbox 641 452 834 507; x_wconf 86' lang='lat' dir='ltr'><strong>Kuppler</strong></span> <span class='ocrx_word' id='word_1_29' title='bbox 871 452 1132 507; x_wconf 87' lang='lat' dir='ltr'><strong>ahnungslos</strong></span> <span class='ocrx_word' id='word_1_30' title='bbox 1173 454 1264 496; x_wconf 88' lang='lat' dir='ltr'><strong>sein</strong></span> <span class='ocrx_word' id='word_1_31' title='bbox 1294 452 1649 507; x_wconf 87' lang='lat' dir='ltr'><strong>Schelmenhaupt</strong></span> <span class='ocrx_word' id='word_1_32' title='bbox 1688 466 1781 496; x_wconf 89' lang='lat' dir='ltr'><strong>ver-</strong></span> 
     </span>
     <span class='ocr_line' id='line_1_7' title="bbox 1374 521 1574 574; baseline 0.005 -10"><span class='ocrx_word' id='word_1_33' title='bbox 1374 521 1574 574; x_wconf 88' lang='lat' dir='ltr'><strong>stricken,</strong></span> 
     </span>
    </p>

    <p class='ocr_par' dir='ltr' id='par_1_6' title="bbox 278 589 1782 705">
     <span class='ocr_line' id='line_1_8' title="bbox 278 589 1782 646; baseline 0.002 -13"><span class='ocrx_word' id='word_1_34' title='bbox 278 589 353 634; x_wconf 89' lang='lat' dir='ltr'><strong>Als</strong></span> <span class='ocrx_word' id='word_1_35' title='bbox 382 590 488 634; x_wconf 83' lang='lat' dir='ltr'><strong>hatt&#39;</strong></span> <span class='ocrx_word' id='word_1_36' title='bbox 526 603 574 634; x_wconf 91' lang='lat' dir='ltr'><strong>er</strong></span> <span class='ocrx_word' id='word_1_37' title='bbox 607 590 856 634; x_wconf 88' lang='lat' dir='ltr'><strong>bekommen</strong></span> <span class='ocrx_word' id='word_1_38' title='bbox 892 591 969 635; x_wconf 84' lang='lat' dir='ltr'><strong>das</strong></span> <span class='ocrx_word' id='word_1_39' title='bbox 1008 591 1118 636; x_wconf 89' lang='lat' dir='ltr'><strong>Geld</strong></span> <span class='ocrx_word' id='word_1_40' title='bbox 1154 590 1224 634; x_wconf 77' lang='lat' dir='ltr'><strong>fiir</strong></span> <span class='ocrx_word' id='word_1_41' title='bbox 1259 591 1340 645; x_wconf 89' lang='lat' dir='ltr'><strong>die,</strong></span> <span class='ocrx_word' id='word_1_42' title='bbox 1377 603 1426 635; x_wconf 87' lang='lat' dir='ltr'><strong>so</strong></span> <span class='ocrx_word' id='word_1_43' title='bbox 1459 592 1568 646; x_wconf 78' lang='lat' dir='ltr'><strong>Jetzt</strong></span> <span class='ocrx_word' id='word_1_44' title='bbox 1605 591 1685 635; x_wconf 90' lang='lat' dir='ltr'><strong>mit</strong></span> <span class='ocrx_word' id='word_1_45' title='bbox 1713 591 1782 636; x_wconf 90' lang='lat' dir='ltr'><strong>dir</strong></span> 
     </span>
     <span class='ocr_line' id='line_1_9' title="bbox 1372 661 1631 705; baseline 0 -1"><span class='ocrx_word' id='word_1_46' title='bbox 1372 661 1631 705; x_wconf 87' lang='lat' dir='ltr'><strong>erschienen.</strong></span> 
     </span>
    </p>

    <p class='ocr_par' dir='ltr' id='par_1_7' title="bbox 271 729 1782 2028">
     <span class='ocr_line' id='line_1_10' title="bbox 391 729 1780 784; baseline 0.001 -11"><span class='ocrx_word' id='word_1_47' title='bbox 391 730 418 773; x_wconf 91' lang='lat' dir='ltr'><strong>i.</strong></span> <span class='ocrx_word' id='word_1_48' title='bbox 451 742 487 773; x_wconf 93' lang='lat' dir='ltr'><strong>e.</strong></span> <span class='ocrx_word' id='word_1_49' title='bbox 525 736 658 784; x_wconf 81' lang='lat' dir='ltr'><strong>,wenn&#39;</strong></span> <span class='ocrx_word' id='word_1_50' title='bbox 697 731 808 774; x_wconf 88' lang='lat' dir='ltr'><strong>mein</strong></span> <span class='ocrx_word' id='word_1_51' title='bbox 846 731 952 774; x_wconf 91' lang='lat' dir='ltr'><strong>Plan</strong></span> <span class='ocrx_word' id='word_1_52' title='bbox 992 730 1195 774; x_wconf 86' lang='lat' dir='ltr'><strong>teilweise</strong></span> <span class='ocrx_word' id='word_1_53' title='bbox 1238 729 1438 774; x_wconf 88' lang='lat' dir='ltr'><strong>entdeckt</strong></span> <span class='ocrx_word' id='word_1_54' title='bbox 1474 730 1579 774; x_wconf 85' lang='lat' dir='ltr'><strong>wird</strong></span> <span class='ocrx_word' id='word_1_55' title='bbox 1607 754 1665 762; x_wconf 94' lang='lat'><strong>——</strong></span> <span class='ocrx_word' id='word_1_56' title='bbox 1694 743 1780 774; x_wconf 81' lang='lat' dir='ltr'><strong>was</strong></span> 
     </span>
     <span class='ocr_line' id='line_1_11' title="bbox 272 797 1782 858; baseline 0.001 -17"><span class='ocrx_word' id='word_1_57' title='bbox 272 798 319 853; x_wconf 72' lang='lat' dir='ltr'><strong>=ia</strong></span> <span class='ocrx_word' id='word_1_58' title='bbox 357 797 579 858; x_wconf 76' lang='lat' dir='ltr'><strong>beziiglich</strong></span> <span class='ocrx_word' id='word_1_59' title='bbox 618 799 695 842; x_wconf 89' lang='lat' dir='ltr'><strong>der</strong></span> <span class='ocrx_word' id='word_1_60' title='bbox 735 799 991 853; x_wconf 86' lang='lat' dir='ltr'><strong>gemieteten</strong></span> <span class='ocrx_word' id='word_1_61' title='bbox 1035 798 1223 841; x_wconf 88' lang='lat' dir='ltr'><strong>fidicina</strong></span> <span class='ocrx_word' id='word_1_62' title='bbox 1243 799 1351 841; x_wconf 78' lang='lat' dir='ltr'><strong>iiber</strong></span> <span class='ocrx_word' id='word_1_63' title='bbox 1393 799 1500 841; x_wconf 89' lang='lat' dir='ltr'><strong>kurz</strong></span> <span class='ocrx_word' id='word_1_64' title='bbox 1539 798 1645 841; x_wconf 89' lang='lat' dir='ltr'><strong>oder</strong></span> <span class='ocrx_word' id='word_1_65' title='bbox 1682 799 1782 853; x_wconf 86' lang='lat' dir='ltr'><strong>lang</strong></span> 
     </span>
     <span class='ocr_line' id='line_1_12' title="bbox 276 867 1782 921; baseline 0 -9"><span class='ocrx_word' id='word_1_66' title='bbox 276 868 611 919; x_wconf 87' lang='lat' dir='ltr'><strong>unausbleiblich</strong></span> <span class='ocrx_word' id='word_1_67' title='bbox 641 894 697 900; x_wconf 92' lang='lat'><strong>—-</strong></span> <span class='ocrx_word' id='word_1_68' title='bbox 726 882 774 913; x_wconf 90' lang='lat' dir='ltr'><strong>so</strong></span> <span class='ocrx_word' id='word_1_69' title='bbox 813 867 952 912; x_wconf 88' lang='lat' dir='ltr'><strong>haben</strong></span> <span class='ocrx_word' id='word_1_70' title='bbox 991 868 1069 912; x_wconf 86' lang='lat' dir='ltr'><strong>wir</strong></span> <span class='ocrx_word' id='word_1_71' title='bbox 1107 869 1257 912; x_wconf 90' lang='lat' dir='ltr'><strong>immer</strong></span> <span class='ocrx_word' id='word_1_72' title='bbox 1294 868 1402 912; x_wconf 87' lang='lat' dir='ltr'><strong>noch</strong></span> <span class='ocrx_word' id='word_1_73' title='bbox 1442 868 1523 912; x_wconf 90' lang='lat' dir='ltr'><strong>den</strong></span> <span class='ocrx_word' id='word_1_74' title='bbox 1552 868 1662 921; x_wconf 76' lang='lat' dir='ltr'><strong>lent),</strong></span> <span class='ocrx_word' id='word_1_75' title='bbox 1703 868 1782 912; x_wconf 87' lang='lat' dir='ltr'><strong>der</strong></span> 
     </span>
     <span class='ocr_line' id='line_1_13' title="bbox 275 937 1781 992; baseline 0 -11"><span class='ocrx_word' id='word_1_76' title='bbox 275 949 355 981; x_wconf 83' lang='lat' dir='ltr'><strong>uns</strong></span> <span class='ocrx_word' id='word_1_77' title='bbox 385 937 519 981; x_wconf 87' lang='lat' dir='ltr'><strong>durch</strong></span> <span class='ocrx_word' id='word_1_78' title='bbox 547 938 637 981; x_wconf 89' lang='lat' dir='ltr'><strong>sein</strong></span> <span class='ocrx_word' id='word_1_79' title='bbox 658 938 928 992; x_wconf 78' lang='lat' dir='ltr'><strong>Gestandnis,</strong></span> <span class='ocrx_word' id='word_1_80' title='bbox 959 938 1067 981; x_wconf 88' lang='lat' dir='ltr'><strong>Geld</strong></span> <span class='ocrx_word' id='word_1_81' title='bbox 1097 937 1349 992; x_wconf 86' lang='lat' dir='ltr'><strong>empfangen</strong></span> <span class='ocrx_word' id='word_1_82' title='bbox 1378 951 1430 980; x_wconf 92' lang='lat' dir='ltr'><strong>zu</strong></span> <span class='ocrx_word' id='word_1_83' title='bbox 1459 937 1610 990; x_wconf 86' lang='lat' dir='ltr'><strong>haben,</strong></span> <span class='ocrx_word' id='word_1_84' title='bbox 1642 951 1781 992; x_wconf 86' lang='lat' dir='ltr'><strong>genug</strong></span> 
     </span>
     <span class='ocr_line' id='line_1_14' title="bbox 275 1006 1780 1067; baseline 0 -17"><span class='ocrx_word' id='word_1_85' title='bbox 275 1006 512 1067; x_wconf 33' lang='lat' dir='ltr'><strong>Hand-habe</strong></span> <span class='ocrx_word' id='word_1_86' title='bbox 541 1006 689 1061; x_wconf 90' lang='lat' dir='ltr'><strong>bietet,</strong></span> <span class='ocrx_word' id='word_1_87' title='bbox 720 1008 798 1052; x_wconf 87' lang='lat' dir='ltr'><strong>das</strong></span> <span class='ocrx_word' id='word_1_88' title='bbox 827 1007 898 1051; x_wconf 85' lang='lat' dir='ltr'><strong>fiir</strong></span> <span class='ocrx_word' id='word_1_89' title='bbox 927 1007 995 1051; x_wconf 90' lang='lat' dir='ltr'><strong>die</strong></span> <span class='ocrx_word' id='word_1_90' title='bbox 1024 1019 1132 1050; x_wconf 90' lang='lat' dir='ltr'><strong>neue</strong></span> <span class='ocrx_word' id='word_1_91' title='bbox 1153 1006 1347 1050; x_wconf 86' lang='lat' dir='ltr'><strong>Geliebte</strong></span> <span class='ocrx_word' id='word_1_92' title='bbox 1377 1006 1643 1050; x_wconf 86' lang='lat' dir='ltr'><strong>verwendete</strong></span> <span class='ocrx_word' id='word_1_93' title='bbox 1672 1006 1780 1050; x_wconf 89' lang='lat' dir='ltr'><strong>Geld</strong></span> 
     </span>
     <span class='ocr_line' id='line_1_15' title="bbox 275 1075 1780 1131; baseline 0 -12"><span class='ocrx_word' id='word_1_94' title='bbox 275 1076 370 1119; x_wconf 91' lang='lat' dir='ltr'><strong>dem</strong></span> <span class='ocrx_word' id='word_1_95' title='bbox 401 1077 535 1119; x_wconf 86' lang='lat' dir='ltr'><strong>Vater</strong></span> <span class='ocrx_word' id='word_1_96' title='bbox 572 1077 728 1120; x_wconf 84' lang='lat' dir='ltr'><strong>wieder</strong></span> <span class='ocrx_word' id='word_1_97' title='bbox 768 1090 821 1120; x_wconf 88' lang='lat' dir='ltr'><strong>zu</strong></span> <span class='ocrx_word' id='word_1_98' title='bbox 861 1075 1080 1120; x_wconf 85' lang='lat' dir='ltr'><strong>schaffen!‘</strong></span> <span class='ocrx_word' id='word_1_99' title='bbox 1139 1077 1189 1119; x_wconf 91' lang='lat' dir='ltr'><strong>Id</strong></span> <span class='ocrx_word' id='word_1_100' title='bbox 1219 1080 1370 1131; x_wconf 89' lang='lat' dir='ltr'><strong>postea</strong></span> <span class='ocrx_word' id='word_1_101' title='bbox 1414 1089 1497 1119; x_wconf 89' lang='lat' dir='ltr'><strong>non</strong></span> <span class='ocrx_word' id='word_1_102' title='bbox 1536 1089 1643 1131; x_wconf 88' lang='lat' dir='ltr'><strong>opus</strong></span> <span class='ocrx_word' id='word_1_103' title='bbox 1685 1089 1780 1119; x_wconf 89' lang='lat' dir='ltr'><strong>esse</strong></span> 
     </span>
     <span class='ocr_line' id='line_1_16' title="bbox 274 1144 1780 1202; baseline 0.001 -14"><span class='ocrx_word' id='word_1_104' title='bbox 274 1144 477 1201; x_wconf 88' lang='lat' dir='ltr'><strong>Epidicus</strong></span> <span class='ocrx_word' id='word_1_105' title='bbox 506 1158 591 1188; x_wconf 90' lang='lat' dir='ltr'><strong>non</strong></span> <span class='ocrx_word' id='word_1_106' title='bbox 620 1147 856 1201; x_wconf 87' lang='lat' dir='ltr'><strong>praesagit;</strong></span> <span class='ocrx_word' id='word_1_107' title='bbox 888 1146 964 1190; x_wconf 90' lang='lat' dir='ltr'><strong>sed</strong></span> <span class='ocrx_word' id='word_1_108' title='bbox 994 1159 1084 1189; x_wconf 87' lang='lat' dir='ltr'><strong>rem</strong></span> <span class='ocrx_word' id='word_1_109' title='bbox 1113 1146 1365 1202; x_wconf 84' lang='lat' dir='ltr'><strong>praemunit,</strong></span> <span class='ocrx_word' id='word_1_110' title='bbox 1398 1149 1441 1189; x_wconf 90' lang='lat' dir='ltr'><strong>et</strong></span> <span class='ocrx_word' id='word_1_111' title='bbox 1470 1145 1507 1188; x_wconf 89' lang='lat' dir='ltr'><strong>si</strong></span> <span class='ocrx_word' id='word_1_112' title='bbox 1538 1148 1657 1189; x_wconf 88' lang='lat' dir='ltr'><strong>actor</strong></span> <span class='ocrx_word' id='word_1_113' title='bbox 1675 1146 1780 1189; x_wconf 84' lang='lat' dir='ltr'><strong>haec</strong></span> 
     </span>
     <span class='ocr_line' id='line_1_17' title="bbox 275 1215 1778 1270; baseline 0.001 -13"><span class='ocrx_word' id='word_1_114' title='bbox 275 1226 352 1257; x_wconf 85' lang='lat' dir='ltr'><strong>suo</strong></span> <span class='ocrx_word' id='word_1_115' title='bbox 372 1227 476 1258; x_wconf 91' lang='lat' dir='ltr'><strong>sono</strong></span> <span class='ocrx_word' id='word_1_116' title='bbox 496 1215 836 1270; x_wconf 81' lang='lat' dir='ltr'>praenuntiabat,</span> <span class='ocrx_word' id='word_1_117' title='bbox 867 1229 951 1258; x_wconf 93' lang='lat' dir='ltr'><strong>non</strong></span> <span class='ocrx_word' id='word_1_118' title='bbox 980 1228 1187 1268; x_wconf 89' lang='lat' dir='ltr'><strong>veremur,</strong></span> <span class='ocrx_word' id='word_1_119' title='bbox 1219 1228 1273 1258; x_wconf 91' lang='lat' dir='ltr'><strong>ne</strong></span> <span class='ocrx_word' id='word_1_120' title='bbox 1302 1219 1547 1270; x_wconf 88' lang='lat' dir='ltr'><strong>spectantes</strong></span> <span class='ocrx_word' id='word_1_121' title='bbox 1576 1216 1778 1258; x_wconf 83' lang='lat' dir='ltr'><strong>astutiam</strong></span> 
     </span>
     <span class='ocr_line' id='line_1_18' title="bbox 273 1283 1778 1339; baseline 0 -13"><span class='ocrx_word' id='word_1_122' title='bbox 273 1283 578 1326; x_wconf 82' lang='lat' dir='ltr'>instituendam</span> <span class='ocrx_word' id='word_1_123' title='bbox 607 1287 783 1339; x_wconf 86' lang='lat' dir='ltr'><strong>propter</strong></span> <span class='ocrx_word' id='word_1_124' title='bbox 811 1285 1068 1339; x_wconf 83' lang='lat' dir='ltr'><strong>pressiorem</strong></span> <span class='ocrx_word' id='word_1_125' title='bbox 1105 1284 1332 1327; x_wconf 89' lang='lat' dir='ltr'><strong>dictionem</strong></span> <span class='ocrx_word' id='word_1_126' title='bbox 1361 1309 1420 1314; x_wconf 94' lang='lat'><strong>——</strong></span> <span class='ocrx_word' id='word_1_127' title='bbox 1449 1284 1568 1327; x_wconf 89' lang='lat' dir='ltr'><strong>cuius</strong></span> <span class='ocrx_word' id='word_1_128' title='bbox 1608 1296 1778 1327; x_wconf 85' lang='lat' dir='ltr'><strong>causam</strong></span> 
     </span>
     <span class='ocr_line' id='line_1_19' title="bbox 275 1352 1776 1411; baseline 0.001 -16"><span class='ocrx_word' id='word_1_129' title='bbox 275 1365 298 1395; x_wconf 87' lang='lat' dir='ltr'><strong>c</strong></span> <span class='ocrx_word' id='word_1_130' title='bbox 330 1365 368 1411; x_wconf 47' lang='lat' dir='ltr'><strong>v,</strong></span> <span class='ocrx_word' id='word_1_131' title='bbox 392 1355 474 1395; x_wconf 80' lang='lat'><strong>376</strong></span> <span class='ocrx_word' id='word_1_132' title='bbox 506 1353 687 1395; x_wconf 87' lang='lat' dir='ltr'><strong>divinari</strong></span> <span class='ocrx_word' id='word_1_133' title='bbox 717 1353 818 1396; x_wconf 91' lang='lat' dir='ltr'><strong>licet</strong></span> <span class='ocrx_word' id='word_1_134' title='bbox 847 1377 903 1384; x_wconf 90' lang='lat'>—</span> <span class='ocrx_word' id='word_1_135' title='bbox 933 1366 1017 1397; x_wconf 93' lang='lat' dir='ltr'><strong>non</strong></span> <span class='ocrx_word' id='word_1_136' title='bbox 1047 1354 1228 1407; x_wconf 86' lang='lat' dir='ltr'><strong>amplexi</strong></span> <span class='ocrx_word' id='word_1_137' title='bbox 1267 1354 1354 1396; x_wconf 89' lang='lat' dir='ltr'><strong>sint</strong></span> <span class='ocrx_word' id='word_1_138' title='bbox 1393 1352 1462 1407; x_wconf 87' lang='lat' dir='ltr'><strong>(cf.</strong></span> <span class='ocrx_word' id='word_1_139' title='bbox 1502 1353 1583 1396; x_wconf 71' lang='lat' dir='ltr'><strong>Gz.</strong></span> <span class='ocrx_word' id='word_1_140' title='bbox 1616 1353 1644 1396; x_wconf 87' lang='lat' dir='ltr'><strong>l.</strong></span> <span class='ocrx_word' id='word_1_141' title='bbox 1676 1366 1710 1397; x_wconf 89' lang='lat' dir='ltr'><strong>s.</strong></span> <span class='ocrx_word' id='word_1_142' title='bbox 1742 1366 1776 1397; x_wconf 85' lang='lat' dir='ltr'><strong>S.</strong></span> 
     </span>
     <span class='ocr_line' id='line_1_20' title="bbox 273 1422 1777 1477; baseline 0.001 -14"><span class='ocrx_word' id='word_1_143' title='bbox 273 1433 313 1476; x_wconf 90' lang='lat' dir='ltr'><strong>p.</strong></span> <span class='ocrx_word' id='word_1_144' title='bbox 336 1422 456 1476; x_wconf 82' lang='lat'>286);</span> <span class='ocrx_word' id='word_1_145' title='bbox 498 1425 542 1464; x_wconf 92' lang='lat' dir='ltr'><strong>et</strong></span> <span class='ocrx_word' id='word_1_146' title='bbox 571 1434 699 1476; x_wconf 92' lang='lat' dir='ltr'><strong>quum</strong></span> <span class='ocrx_word' id='word_1_147' title='bbox 728 1422 855 1476; x_wconf 91' lang='lat' dir='ltr'><strong>paulo</strong></span> <span class='ocrx_word' id='word_1_148' title='bbox 884 1426 983 1477; x_wconf 90' lang='lat' dir='ltr'><strong>post</strong></span> <span class='ocrx_word' id='word_1_149' title='bbox 1013 1423 1067 1477; x_wconf 90' lang='lat' dir='ltr'><strong>(v.</strong></span> <span class='ocrx_word' id='word_1_150' title='bbox 1092 1423 1192 1475; x_wconf 84' lang='lat'><strong>397)</strong></span> <span class='ocrx_word' id='word_1_151' title='bbox 1224 1423 1364 1465; x_wconf 91' lang='lat' dir='ltr'><strong>omnia</strong></span> <span class='ocrx_word' id='word_1_152' title='bbox 1395 1423 1601 1465; x_wconf 87' lang='lat' dir='ltr'><strong>accidisse</strong></span> <span class='ocrx_word' id='word_1_153' title='bbox 1629 1423 1777 1465; x_wconf 87' lang='lat' dir='ltr'><strong>audia-</strong></span> 
     </span>
     <span class='ocr_line' id='line_1_21' title="bbox 274 1490 1777 1546; baseline 0.001 -14"><span class='ocrx_word' id='word_1_154' title='bbox 274 1503 380 1542; x_wconf 87' lang='lat' dir='ltr'><strong>mus,</strong></span> <span class='ocrx_word' id='word_1_155' title='bbox 436 1490 607 1532; x_wconf 90' lang='lat' dir='ltr'><strong>minime</strong></span> <span class='ocrx_word' id='word_1_156' title='bbox 658 1503 830 1533; x_wconf 90' lang='lat' dir='ltr'><strong>necesse</strong></span> <span class='ocrx_word' id='word_1_157' title='bbox 880 1495 948 1533; x_wconf 89' lang='lat' dir='ltr'><strong>est</strong></span> <span class='ocrx_word' id='word_1_158' title='bbox 997 1492 1050 1533; x_wconf 92' lang='lat' dir='ltr'><strong>ob</strong></span> <span class='ocrx_word' id='word_1_159' title='bbox 1106 1490 1216 1533; x_wconf 91' lang='lat' dir='ltr'><strong>hunc</strong></span> <span class='ocrx_word' id='word_1_160' title='bbox 1269 1491 1406 1533; x_wconf 90' lang='lat' dir='ltr'><strong>locum</strong></span> <span class='ocrx_word' id='word_1_161' title='bbox 1456 1492 1512 1545; x_wconf 87' lang='lat' dir='ltr'><strong>(v.</strong></span> <span class='ocrx_word' id='word_1_162' title='bbox 1544 1494 1627 1533; x_wconf 83' lang='lat'><strong>363</strong></span> <span class='ocrx_word' id='word_1_163' title='bbox 1667 1492 1777 1546; x_wconf 87' lang='lat' dir='ltr'><strong>sqq.)</strong></span> 
     </span>
     <span class='ocr_line' id='line_1_22' title="bbox 273 1559 1779 1613; baseline 0.001 -12"><span class='ocrx_word' id='word_1_164' title='bbox 273 1571 441 1601; x_wconf 85' lang='lat' dir='ltr'><strong>scenam</strong></span> <span class='ocrx_word' id='word_1_165' title='bbox 480 1562 556 1602; x_wconf 89' lang='lat' dir='ltr'><strong>aut</strong></span> <span class='ocrx_word' id='word_1_166' title='bbox 594 1571 620 1601; x_wconf 91' lang='lat' dir='ltr'><strong>a</strong></span> <span class='ocrx_word' id='word_1_167' title='bbox 648 1561 931 1601; x_wconf 87' lang='lat' dir='ltr'><strong>retractatore</strong></span> <span class='ocrx_word' id='word_1_168' title='bbox 970 1559 1139 1601; x_wconf 88' lang='lat' dir='ltr'><strong>omnino</strong></span> <span class='ocrx_word' id='word_1_169' title='bbox 1180 1570 1421 1613; x_wconf 87' lang='lat' dir='ltr'><strong>repressam</strong></span> <span class='ocrx_word' id='word_1_170' title='bbox 1452 1559 1653 1613; x_wconf 90' lang='lat' dir='ltr'><strong>dicamus,</strong></span> <span class='ocrx_word' id='word_1_171' title='bbox 1694 1572 1779 1613; x_wconf 90' lang='lat' dir='ltr'><strong>qua</strong></span> 
     </span>
     <span class='ocr_line' id='line_1_23' title="bbox 272 1624 1779 1685; baseline 0 -14"><span class='ocrx_word' id='word_1_172' title='bbox 272 1628 438 1671; x_wconf 87' lang='lat' dir='ltr'><strong>lenonis</strong></span> <span class='ocrx_word' id='word_1_173' title='bbox 478 1627 596 1671; x_wconf 85' lang='lat' dir='ltr'><strong>fraus</strong></span> <span class='ocrx_word' id='word_1_174' title='bbox 641 1627 695 1670; x_wconf 94' lang='lat' dir='ltr'><strong>ob</strong></span> <span class='ocrx_word' id='word_1_175' title='bbox 735 1624 879 1671; x_wconf 85' lang='lat' dir='ltr'><strong>oculos</strong></span> <span class='ocrx_word' id='word_1_176' title='bbox 920 1632 1104 1683; x_wconf 88' lang='lat' dir='ltr'><strong>ponatur</strong></span> <span class='ocrx_word' id='word_1_177' title='bbox 1143 1628 1248 1684; x_wconf 66' lang='lat' dir='ltr'><strong>(Gz.</strong></span> <span class='ocrx_word' id='word_1_178' title='bbox 1282 1628 1308 1671; x_wconf 90' lang='lat' dir='ltr'><strong>l.</strong></span> <span class='ocrx_word' id='word_1_179' title='bbox 1340 1641 1374 1671; x_wconf 88' lang='lat' dir='ltr'><strong>s.</strong></span> <span class='ocrx_word' id='word_1_180' title='bbox 1407 1641 1440 1671; x_wconf 91' lang='lat' dir='ltr'><strong>s.</strong></span> <span class='ocrx_word' id='word_1_181' title='bbox 1473 1640 1513 1684; x_wconf 90' lang='lat' dir='ltr'><strong>p.</strong></span> <span class='ocrx_word' id='word_1_182' title='bbox 1546 1629 1661 1685; x_wconf 85' lang='lat'><strong>287),</strong></span> <span class='ocrx_word' id='word_1_183' title='bbox 1703 1632 1779 1672; x_wconf 89' lang='lat' dir='ltr'><strong>aut</strong></span> 
     </span>
     <span class='ocr_line' id='line_1_24' title="bbox 273 1696 1776 1752; baseline 0.001 -12"><span class='ocrx_word' id='word_1_184' title='bbox 273 1709 367 1740; x_wconf 88' lang='lat' dir='ltr'><strong>cum</strong></span> <span class='ocrx_word' id='word_1_185' title='bbox 403 1696 446 1740; x_wconf 81' lang='lat'><strong>0.</strong></span> <span class='ocrx_word' id='word_1_186' title='bbox 480 1697 544 1739; x_wconf 85' lang='grc' dir='ltr'><strong>Μ.</strong></span> <span class='ocrx_word' id='word_1_187' title='bbox 577 1696 851 1739; x_wconf 76' lang='lat' dir='ltr'><strong>Franckenio</strong></span> <span class='ocrx_word' id='word_1_188' title='bbox 880 1697 941 1752; x_wconf 90' lang='lat' dir='ltr'><strong>(in</strong></span> <span class='ocrx_word' id='word_1_189' title='bbox 971 1697 1244 1751; x_wconf 86' lang='lat' dir='ltr'><strong>Mnemosyne</strong></span> <span class='ocrx_word' id='word_1_190' title='bbox 1274 1710 1312 1739; x_wconf 92' lang='lat' dir='ltr'><strong>n.</strong></span> <span class='ocrx_word' id='word_1_191' title='bbox 1346 1710 1379 1740; x_wconf 87' lang='lat' dir='ltr'><strong>s.</strong></span> <span class='ocrx_word' id='word_1_192' title='bbox 1411 1697 1491 1740; x_wconf 88' lang='lat' dir='ltr'><strong>VH</strong></span> <span class='ocrx_word' id='word_1_193' title='bbox 1511 1722 1569 1729; x_wconf 85' lang='lat'><strong>—-</strong></span> <span class='ocrx_word' id='word_1_194' title='bbox 1595 1701 1699 1741; x_wconf 83' lang='lat'>1879</span> <span class='ocrx_word' id='word_1_195' title='bbox 1723 1723 1776 1729; x_wconf 84' lang='lat'><em>-</em></span> 
     </span>
     <span class='ocr_line' id='line_1_25' title="bbox 272 1765 1776 1822; baseline 0 -12"><span class='ocrx_word' id='word_1_196' title='bbox 272 1765 374 1810; x_wconf 87' lang='lat' dir='ltr'><strong>fasc.</strong></span> <span class='ocrx_word' id='word_1_197' title='bbox 394 1766 451 1820; x_wconf 89' lang='grc' dir='ltr'><strong>ΙΙ,</strong></span> <span class='ocrx_word' id='word_1_198' title='bbox 483 1778 565 1810; x_wconf 90' lang='lat' dir='ltr'><strong>rec.</strong></span> <span class='ocrx_word' id='word_1_199' title='bbox 587 1778 614 1809; x_wconf 87' lang='lat' dir='ltr'><strong>a</strong></span> <span class='ocrx_word' id='word_1_200' title='bbox 633 1765 850 1808; x_wconf 72' lang='lat' dir='ltr'><strong>Lorenxio</strong></span> <span class='ocrx_word' id='word_1_201' title='bbox 870 1766 913 1809; x_wconf 90' lang='lat' dir='ltr'><strong>in</strong></span> <span class='ocrx_word' id='word_1_202' title='bbox 934 1766 1156 1809; x_wconf 77' lang='lat' dir='ltr'><strong>Bursiani</strong></span> <span class='ocrx_word' id='word_1_203' title='bbox 1183 1767 1320 1810; x_wconf 86' lang='lat' dir='ltr'><strong>annal.</strong></span> <span class='ocrx_word' id='word_1_204' title='bbox 1343 1766 1444 1822; x_wconf 91' lang='lat' dir='ltr'><strong>phil.</strong></span> <span class='ocrx_word' id='word_1_205' title='bbox 1477 1766 1621 1810; x_wconf 80' lang='lat' dir='ltr'>XVIII</span> <span class='ocrx_word' id='word_1_206' title='bbox 1641 1780 1679 1822; x_wconf 89' lang='lat' dir='ltr'><strong>p.</strong></span> <span class='ocrx_word' id='word_1_207' title='bbox 1703 1767 1776 1821; x_wconf 85' lang='lat'><strong>22)</strong></span> 
     </span>
     <span class='ocr_line' id='line_1_26' title="bbox 274 1834 1778 1891; baseline 0.001 -13"><span class='ocrx_word' id='word_1_208' title='bbox 274 1849 300 1878; x_wconf 92' lang='lat' dir='ltr'><strong>a</strong></span> <span class='ocrx_word' id='word_1_209' title='bbox 330 1834 544 1878; x_wconf 86' lang='lat' dir='ltr'><strong>titubante</strong></span> <span class='ocrx_word' id='word_1_210' title='bbox 578 1835 884 1890; x_wconf 89' lang='lat' dir='ltr'><strong>interpolatore</strong></span> <span class='ocrx_word' id='word_1_211' title='bbox 917 1835 1141 1879; x_wconf 88' lang='lat' dir='ltr'><strong>conflatam</strong></span> <span class='ocrx_word' id='word_1_212' title='bbox 1172 1837 1404 1891; x_wconf 86' lang='lat' dir='ltr'><strong>opinemur.</strong></span> <span class='ocrx_word' id='word_1_213' title='bbox 1455 1837 1513 1879; x_wconf 93' lang='lat' dir='ltr'><strong>At</strong></span> <span class='ocrx_word' id='word_1_214' title='bbox 1538 1849 1591 1879; x_wconf 90' lang='lat' dir='ltr'><strong>ne</strong></span> <span class='ocrx_word' id='word_1_215' title='bbox 1611 1837 1778 1891; x_wconf 86' lang='lat' dir='ltr'><strong>longius</strong></span> 
     </span>
     <span class='ocr_line' id='line_1_27' title="bbox 271 1903 1779 1958; baseline 0.001 -11"><span class='ocrx_word' id='word_1_216' title='bbox 271 1903 325 1947; x_wconf 87' lang='lat' dir='ltr'><strong>ab</strong></span> <span class='ocrx_word' id='word_1_217' title='bbox 356 1917 419 1957; x_wconf 84' lang='lat' dir='ltr'><strong>ec,</strong></span> <span class='ocrx_word' id='word_1_218' title='bbox 460 1903 573 1958; x_wconf 92' lang='lat' dir='ltr'><strong>quod</strong></span> <span class='ocrx_word' id='word_1_219' title='bbox 603 1904 869 1958; x_wconf 86' lang='lat' dir='ltr'><strong>propositum</strong></span> <span class='ocrx_word' id='word_1_220' title='bbox 912 1908 991 1956; x_wconf 86' lang='lat' dir='ltr'><strong>est,</strong></span> <span class='ocrx_word' id='word_1_221' title='bbox 1033 1905 1227 1958; x_wconf 87' lang='lat' dir='ltr'><strong>quaestio</strong></span> <span class='ocrx_word' id='word_1_222' title='bbox 1257 1905 1440 1957; x_wconf 88' lang='lat' dir='ltr'><strong>aberret,</strong></span> <span class='ocrx_word' id='word_1_223' title='bbox 1481 1904 1586 1947; x_wconf 84' lang='lat' dir='ltr'><strong>haec</strong></span> <span class='ocrx_word' id='word_1_224' title='bbox 1615 1906 1779 1958; x_wconf 88' lang='lat' dir='ltr'><strong>praeci-</strong></span> 
     </span>
     <span class='ocr_line' id='line_1_28' title="bbox 273 1972 1604 2028; baseline -0.001 -13"><span class='ocrx_word' id='word_1_225' title='bbox 273 1973 442 2026; x_wconf 87' lang='lat' dir='ltr'><strong>damus;</strong></span> <span class='ocrx_word' id='word_1_226' title='bbox 472 1972 675 2015; x_wconf 89' lang='lat' dir='ltr'><strong>nonnulla</strong></span> <span class='ocrx_word' id='word_1_227' title='bbox 702 1976 803 2026; x_wconf 89' lang='lat' dir='ltr'><strong>post</strong></span> <span class='ocrx_word' id='word_1_228' title='bbox 832 1984 1022 2015; x_wconf 86' lang='lat' dir='ltr'><strong>seorsum</strong></span> <span class='ocrx_word' id='word_1_229' title='bbox 1051 1972 1225 2015; x_wconf 86' lang='lat' dir='ltr'><strong>uberius</strong></span> <span class='ocrx_word' id='word_1_230' title='bbox 1255 1973 1544 2016; x_wconf 88' lang='lat' dir='ltr'><strong>tractabimus.</strong></span> <span class='ocrx_word' id='word_1_231' title='bbox 1555 1973 1604 2028; x_wconf 72' lang='lat'><strong>¹5)</strong></span> 
     </span>
    </p>

    <p class='ocr_par' dir='ltr' id='par_1_8' title="bbox 269 2040 1778 2305">
     <span class='ocr_line' id='line_1_29' title="bbox 385 2040 1778 2097; baseline 0 -13"><span class='ocrx_word' id='word_1_232' title='bbox 385 2042 576 2096; x_wconf 88' lang='lat' dir='ltr'><strong>Denique</strong></span> <span class='ocrx_word' id='word_1_233' title='bbox 605 2041 660 2083; x_wconf 88' lang='lat' dir='ltr'><strong>ad</strong></span> <span class='ocrx_word' id='word_1_234' title='bbox 679 2053 716 2083; x_wconf 89' lang='lat' dir='ltr'><strong>v.</strong></span> <span class='ocrx_word' id='word_1_235' title='bbox 738 2040 836 2088; x_wconf 78' lang='lat'><strong>410</strong></span> <span class='ocrx_word' id='word_1_236' title='bbox 847 2040 991 2089; x_wconf 74' lang='lat'>—421</span> <span class='ocrx_word' id='word_1_237' title='bbox 1022 2044 1328 2094; x_wconf 83' lang='lat' dir='ltr'><strong>convertamur,</strong></span> <span class='ocrx_word' id='word_1_238' title='bbox 1359 2053 1466 2096; x_wconf 89' lang='lat' dir='ltr'><strong>quos</strong></span> <span class='ocrx_word' id='word_1_239' title='bbox 1497 2054 1523 2084; x_wconf 91' lang='lat' dir='ltr'><strong>a</strong></span> <span class='ocrx_word' id='word_1_240' title='bbox 1560 2040 1778 2097; x_wconf 68' lang='lat' dir='ltr'><strong>Soalv&#39;yero</strong></span> 
     </span>
     <span class='ocr_line' id='line_1_30' title="bbox 271 2109 1776 2166; baseline 0.001 -13"><span class='ocrx_word' id='word_1_241' title='bbox 271 2111 353 2154; x_wconf 88' lang='lat' dir='ltr'><strong>iam</strong></span> <span class='ocrx_word' id='word_1_242' title='bbox 383 2114 574 2153; x_wconf 86' lang='lat' dir='ltr'><strong>tentatos</strong></span> <span class='ocrx_word' id='word_1_243' title='bbox 594 2109 895 2165; x_wconf 62' lang='lat' dir='ltr'><strong>Larem-elarius</strong></span> <span class='ocrx_word' id='word_1_244' title='bbox 923 2110 1162 2154; x_wconf 86' lang='lat' dir='ltr'><strong>rectissime</strong></span> <span class='ocrx_word' id='word_1_245' title='bbox 1190 2114 1365 2154; x_wconf 87' lang='lat' dir='ltr'><strong>notasse</strong></span> <span class='ocrx_word' id='word_1_246' title='bbox 1392 2110 1567 2153; x_wconf 68' lang='lat' dir='ltr'><strong>Goetzio</strong></span> <span class='ocrx_word' id='word_1_247' title='bbox 1594 2111 1776 2166; x_wconf 84' lang='lat' dir='ltr'><strong>videtur,</strong></span> 
     </span>
     <span class='ocr_line' id='line_1_31' title="bbox 270 2177 1776 2234; baseline 0.001 -13"><span class='ocrx_word' id='word_1_248' title='bbox 270 2192 311 2223; x_wconf 89' lang='lat' dir='ltr'><strong>v.</strong></span> <span class='ocrx_word' id='word_1_249' title='bbox 342 2177 522 2234; x_wconf 80' lang='lat' dir='ltr'><strong>praefat.</strong></span> <span class='ocrx_word' id='word_1_250' title='bbox 554 2179 608 2221; x_wconf 90' lang='lat' dir='ltr'><strong>ad</strong></span> <span class='ocrx_word' id='word_1_251' title='bbox 629 2179 751 2234; x_wconf 87' lang='lat' dir='ltr'><strong>Epid.</strong></span> <span class='ocrx_word' id='word_1_252' title='bbox 775 2191 814 2234; x_wconf 89' lang='lat' dir='ltr'><strong>p.</strong></span> <span class='ocrx_word' id='word_1_253' title='bbox 837 2179 950 2233; x_wconf 87' lang='lat' dir='ltr'>XXI,</span> <span class='ocrx_word' id='word_1_254' title='bbox 996 2180 1109 2233; x_wconf 91' lang='lat' dir='ltr'><strong>quod</strong></span> <span class='ocrx_word' id='word_1_255' title='bbox 1141 2180 1261 2232; x_wconf 88' lang='lat' dir='ltr'><strong>‚miro</strong></span> <span class='ocrx_word' id='word_1_256' title='bbox 1292 2180 1418 2222; x_wconf 88' lang='lat' dir='ltr'><strong>modo</strong></span> <span class='ocrx_word' id='word_1_257' title='bbox 1447 2179 1492 2223; x_wconf 90' lang='lat' dir='ltr'><strong>hi</strong></span> <span class='ocrx_word' id='word_1_258' title='bbox 1512 2192 1661 2223; x_wconf 86' lang='lat' dir='ltr'><strong>versus</strong></span> <span class='ocrx_word' id='word_1_259' title='bbox 1682 2193 1776 2223; x_wconf 90' lang='lat' dir='ltr'><strong>cum</strong></span> 
     </span>
     <span class='ocr_line' id='line_1_32' title="bbox 269 2248 1632 2305; baseline 0 -14"><span class='ocrx_word' id='word_1_260' title='bbox 269 2249 437 2292; x_wconf 88' lang='lat' dir='ltr'><strong>ratione</strong></span> <span class='ocrx_word' id='word_1_261' title='bbox 466 2248 666 2291; x_wconf 87' lang='lat' dir='ltr'><strong>universa</strong></span> <span class='ocrx_word' id='word_1_262' title='bbox 696 2260 821 2302; x_wconf 91' lang='lat' dir='ltr'><strong>quam</strong></span> <span class='ocrx_word' id='word_1_263' title='bbox 851 2249 1102 2292; x_wconf 90' lang='lat' dir='ltr'><strong>instituerat</strong></span> <span class='ocrx_word' id='word_1_264' title='bbox 1130 2249 1333 2305; x_wconf 91' lang='lat' dir='ltr'><strong>Epidicus</strong></span> <span class='ocrx_word' id='word_1_265' title='bbox 1363 2249 1632 2304; x_wconf 88' lang='lat' dir='ltr'><strong>discrepent.‘</strong></span> 
     </span>
    </p>

    <p class='ocr_par' dir='ltr' id='par_1_9' title="bbox 268 2318 1777 2785">
     <span class='ocr_line' id='line_1_33' title="bbox 382 2318 1777 2376; baseline 0 -16"><span class='ocrx_word' id='word_1_266' title='bbox 382 2318 447 2360; x_wconf 86' lang='lat' dir='ltr'><strong>Ex</strong></span> <span class='ocrx_word' id='word_1_267' title='bbox 475 2330 557 2360; x_wconf 85' lang='lat' dir='ltr'><strong>usu</strong></span> <span class='ocrx_word' id='word_1_268' title='bbox 587 2318 922 2376; x_wconf 7' lang='lat' dir='ltr'><strong>erintquomodo</strong></span> <span class='ocrx_word' id='word_1_269' title='bbox 945 2318 1223 2360; x_wconf 87' lang='lat' dir='ltr'><strong>ratiocinatus</strong></span> <span class='ocrx_word' id='word_1_270' title='bbox 1253 2319 1311 2361; x_wconf 91' lang='lat' dir='ltr'><strong>sit</strong></span> <span class='ocrx_word' id='word_1_271' title='bbox 1330 2318 1396 2360; x_wconf 85' lang='lat' dir='ltr'><strong>vir</strong></span> <span class='ocrx_word' id='word_1_272' title='bbox 1425 2318 1574 2361; x_wconf 89' lang='lat' dir='ltr'><strong>doctus</strong></span> <span class='ocrx_word' id='word_1_273' title='bbox 1603 2330 1777 2361; x_wconf 85' lang='lat' dir='ltr'><strong>accura-</strong></span> 
     </span>
     <span class='ocr_line' id='line_1_34' title="bbox 269 2385 1777 2441; baseline 0.001 -12"><span class='ocrx_word' id='word_1_274' title='bbox 269 2386 355 2430; x_wconf 91' lang='lat' dir='ltr'><strong>tius</strong></span> <span class='ocrx_word' id='word_1_275' title='bbox 385 2398 598 2429; x_wconf 86' lang='lat' dir='ltr'><strong>enarrare.</strong></span> <span class='ocrx_word' id='word_1_276' title='bbox 658 2385 752 2429; x_wconf 89' lang='lat' dir='ltr'><strong>Duo</strong></span> <span class='ocrx_word' id='word_1_277' title='bbox 782 2386 894 2429; x_wconf 90' lang='lat' dir='ltr'><strong>enim</strong></span> <span class='ocrx_word' id='word_1_278' title='bbox 924 2386 1100 2429; x_wconf 88' lang='lat' dir='ltr'><strong>consilia</strong></span> <span class='ocrx_word' id='word_1_279' title='bbox 1129 2387 1242 2429; x_wconf 88' lang='lat' dir='ltr'><strong>inter</strong></span> <span class='ocrx_word' id='word_1_280' title='bbox 1270 2399 1317 2430; x_wconf 87' lang='lat' dir='ltr'><strong>se</strong></span> <span class='ocrx_word' id='word_1_281' title='bbox 1345 2386 1579 2441; x_wconf 89' lang='lat' dir='ltr'><strong>pugnantia</strong></span> <span class='ocrx_word' id='word_1_282' title='bbox 1607 2387 1777 2430; x_wconf 86' lang='lat' dir='ltr'><strong>misceri</strong></span> 
     </span>
     <span class='ocr_line' id='line_1_35' title="bbox 268 2455 1777 2510; baseline 0.001 -12"><span class='ocrx_word' id='word_1_283' title='bbox 268 2468 318 2498; x_wconf 89' lang='lat' dir='ltr'><strong>ac</strong></span> <span class='ocrx_word' id='word_1_284' title='bbox 347 2455 546 2499; x_wconf 82' lang='lat' dir='ltr'><strong>confundi</strong></span> <span class='ocrx_word' id='word_1_285' title='bbox 564 2458 699 2509; x_wconf 86' lang='lat' dir='ltr'><strong>putat,</strong></span> <span class='ocrx_word' id='word_1_286' title='bbox 730 2468 858 2509; x_wconf 93' lang='lat' dir='ltr'><strong>quum</strong></span> <span class='ocrx_word' id='word_1_287' title='bbox 888 2468 952 2510; x_wconf 88' lang='lat' dir='ltr'><strong>ea,</strong></span> <span class='ocrx_word' id='word_1_288' title='bbox 983 2468 1091 2509; x_wconf 84' lang='lat' dir='ltr'><strong>quae</strong></span> <span class='ocrx_word' id='word_1_289' title='bbox 1120 2469 1157 2498; x_wconf 88' lang='lat' dir='ltr'><strong>v.</strong></span> <span class='ocrx_word' id='word_1_290' title='bbox 1182 2457 1393 2508; x_wconf 82' lang='lat'><strong>317—18,</strong></span> <span class='ocrx_word' id='word_1_291' title='bbox 1416 2459 1512 2508; x_wconf 84' lang='lat'><strong>371,</strong></span> <span class='ocrx_word' id='word_1_292' title='bbox 1534 2458 1616 2498; x_wconf 85' lang='lat'><strong>375</strong></span> <span class='ocrx_word' id='word_1_293' title='bbox 1648 2456 1777 2499; x_wconf 83' lang='lat' dir='ltr'><strong>claris</strong></span> 
     </span>
     <span class='ocr_line' id='line_1_36' title="bbox 268 2522 1775 2580; baseline -0.001 -12"><span class='ocrx_word' id='word_1_294' title='bbox 268 2522 411 2568; x_wconf 87' lang='lat' dir='ltr'><strong>verbis</strong></span> <span class='ocrx_word' id='word_1_295' title='bbox 440 2524 782 2580; x_wconf 89' lang='lat' dir='ltr'><strong>pronuntientur,</strong></span> <span class='ocrx_word' id='word_1_296' title='bbox 811 2523 1023 2568; x_wconf 90' lang='lat' dir='ltr'><strong>fidicinam</strong></span> <span class='ocrx_word' id='word_1_297' title='bbox 1054 2524 1108 2567; x_wconf 93' lang='lat' dir='ltr'><strong>ad</strong></span> <span class='ocrx_word' id='word_1_298' title='bbox 1138 2523 1302 2568; x_wconf 84' lang='lat' dir='ltr'><strong>fraudis</strong></span> <span class='ocrx_word' id='word_1_299' title='bbox 1333 2523 1579 2567; x_wconf 90' lang='lat' dir='ltr'><strong>societatem</strong></span> <span class='ocrx_word' id='word_1_300' title='bbox 1609 2525 1775 2577; x_wconf 88' lang='lat' dir='ltr'><strong>ascisci,</strong></span> 
     </span>
     <span class='ocr_line' id='line_1_37' title="bbox 268 2591 1774 2649; baseline 0.001 -13"><span class='ocrx_word' id='word_1_301' title='bbox 268 2606 362 2636; x_wconf 88' lang='lat' dir='ltr'><strong>cum</strong></span> <span class='ocrx_word' id='word_1_302' title='bbox 403 2593 500 2636; x_wconf 83' lang='lat' dir='ltr'><strong>aliis</strong></span> <span class='ocrx_word' id='word_1_303' title='bbox 534 2606 572 2636; x_wconf 88' lang='lat' dir='ltr'><strong>v.</strong></span> <span class='ocrx_word' id='word_1_304' title='bbox 606 2596 818 2647; x_wconf 86' lang='lat'><strong>314—16‚</strong></span> <span class='ocrx_word' id='word_1_305' title='bbox 849 2597 929 2637; x_wconf 90' lang='lat'><strong>411</strong></span> <span class='ocrx_word' id='word_1_306' title='bbox 964 2606 1070 2648; x_wconf 91' lang='lat' dir='ltr'><strong>sqq,</strong></span> <span class='ocrx_word' id='word_1_307' title='bbox 1111 2597 1195 2637; x_wconf 83' lang='lat'><strong>496</strong></span> <span class='ocrx_word' id='word_1_308' title='bbox 1227 2607 1316 2647; x_wconf 90' lang='lat' dir='ltr'><strong>sqq.</strong></span> <span class='ocrx_word' id='word_1_309' title='bbox 1349 2591 1475 2647; x_wconf 72' lang='lat' dir='ltr'><em>(Gx.)</em></span> <span class='ocrx_word' id='word_1_310' title='bbox 1518 2592 1774 2649; x_wconf 90' lang='lat' dir='ltr'><strong>discrepent,</strong></span> 
     </span>
     <span class='ocr_line' id='line_1_38' title="bbox 268 2660 1774 2717; baseline 0 -13"><span class='ocrx_word' id='word_1_311' title='bbox 268 2660 422 2717; x_wconf 89' lang='lat' dir='ltr'><strong>quibus</strong></span> <span class='ocrx_word' id='word_1_312' title='bbox 450 2660 621 2704; x_wconf 86' lang='lat' dir='ltr'><strong>fidicina</strong></span> <span class='ocrx_word' id='word_1_313' title='bbox 650 2661 915 2705; x_wconf 88' lang='lat' dir='ltr'><strong>conducticia</strong></span> <span class='ocrx_word' id='word_1_314' title='bbox 954 2663 1070 2705; x_wconf 93' lang='lat' dir='ltr'><strong>nullo</strong></span> <span class='ocrx_word' id='word_1_315' title='bbox 1101 2663 1225 2705; x_wconf 92' lang='lat' dir='ltr'><strong>modo</strong></span> <span class='ocrx_word' id='word_1_316' title='bbox 1255 2662 1472 2717; x_wconf 89' lang='lat' dir='ltr'><strong>particeps</strong></span> <span class='ocrx_word' id='word_1_317' title='bbox 1511 2660 1675 2705; x_wconf 87' lang='lat' dir='ltr'><strong>fraudis</strong></span> <span class='ocrx_word' id='word_1_318' title='bbox 1705 2663 1774 2714; x_wconf 86' lang='lat' dir='ltr'><strong>sit,</strong></span> 
     </span>
     <span class='ocr_line' id='line_1_39' title="bbox 268 2730 1776 2785; baseline 0.001 -12"><span class='ocrx_word' id='word_1_319' title='bbox 268 2731 343 2774; x_wconf 88' lang='lat' dir='ltr'><strong>sed</strong></span> <span class='ocrx_word' id='word_1_320' title='bbox 374 2731 469 2785; x_wconf 84' lang='lat' dir='ltr'><strong>ipsa</strong></span> <span class='ocrx_word' id='word_1_321' title='bbox 502 2743 668 2785; x_wconf 89' lang='lat' dir='ltr'><strong>quoque</strong></span> <span class='ocrx_word' id='word_1_322' title='bbox 698 2743 724 2773; x_wconf 90' lang='lat' dir='ltr'><strong>a</strong></span> <span class='ocrx_word' id='word_1_323' title='bbox 746 2743 870 2774; x_wconf 85' lang='lat' dir='ltr'><strong>servo</strong></span> <span class='ocrx_word' id='word_1_324' title='bbox 906 2730 1092 2783; x_wconf 85' lang='lat' dir='ltr'><strong>fallatur,</strong></span> <span class='ocrx_word' id='word_1_325' title='bbox 1123 2733 1249 2775; x_wconf 88' lang='lat' dir='ltr'><strong>immo</strong></span> <span class='ocrx_word' id='word_1_326' title='bbox 1285 2733 1419 2773; x_wconf 88' lang='lat' dir='ltr'><strong>totam</strong></span> <span class='ocrx_word' id='word_1_327' title='bbox 1454 2730 1547 2773; x_wconf 89' lang='lat' dir='ltr'><strong>eius</strong></span> <span class='ocrx_word' id='word_1_328' title='bbox 1582 2730 1776 2774; x_wconf 82' lang='lat' dir='ltr'><strong>fraudem</strong></span> 
     </span>
    </p>
   </div>
  </div>
 </body>
</html>
