2052 3172
1005 135 1091 198 ‘10'

368 289 427 334 27)
456 288 622 335 ,Quaerit
641 289 889 326 Roinhardm
900 289 924 325 1.
937 300 967 326 s.
980 300 1020 335 s.‚
1046 288 1134 335 quid
1146 288 1183 326 id
1196 289 1257 336 sit,
1282 289 1378 336 quod
1388 290 1545 327 reticere
1560 290 1651 328 velit
1662 301 1790 328 servus

278 349 383 385 modo
409 358 549 384 omnem
580 357 658 383 rem
688 348 887 392 professus.
935 347 1006 383 Sed
1037 346 1183 383 fallitur
1214 347 1272 383 vir
1301 347 1447 384 doctus:
1484 349 1531 384 ad
1563 352 1789 395 spectatores

277 405 373 442 enim
396 405 463 441 illa
486 405 630 440 locutus
664 408 747 441 erat
769 403 955 451 Epidicus,
989 414 1141 449 quorum
1170 414 1281 441 causa
1304 404 1431 442 fabula
1455 406 1649 453 agebatur,
1682 409 1720 443 et
1743 406 1789 443 ab

278 464 349 513 hac
388 466 487 499 certe
522 462 735 499 recensione
771 463 835 499 vix
869 465 1022 508 possunt
1057 461 1113 497 illi
1148 472 1274 498 versus
1304 462 1456 498 abesse!
1484 463 1549 499 Gz.
1598 464 1653 499 Cf.
1678 463 1790 500 etiam

275 520 475 565 Lanyrehr.
501 519 525 555 l.
539 530 567 555 s.
581 530 610 555 s.
635 530 670 564 p.
684 519 749 555 16:
782 519 848 564 ,Re
872 528 961 555 vera
985 518 1142 554 nondum
1166 518 1286 554 omnia
1309 519 1488 565 narravit,
1517 519 1624 556 immo
1648 520 1789 567 gravis-

275 576 366 612 sima
390 580 430 612 et
452 575 774 622 periculosissima,
801 576 978 621 quomodo
992 576 1075 612 Aer.
1088 575 1304 612 liberavenit
1317 579 1356 612 et
1367 577 1430 613 ubi
1444 587 1524 613 eam
1542 577 1789 623 collocaverit,

275 633 441 669 reticuit.
1378 632 1380 634 ’

367 736 427 781 28)
455 736 510 772 cf.
535 737 738 773 Forocllv’ni
766 736 860 772 thes.
890 739 959 772 tot.
983 736 1105 772 Latin.
1130 737 1184 773 IV
1218 747 1253 782 p.
1276 736 1366 772 350:
1392 737 1617 783 ,transmitto
1642 765 1789 774 .....

277 793 462 830 translata
498 797 556 829 est
587 821 596 829 .
623 821 631 830 .
658 821 666 829 .
692 820 700 829 .
731 792 915 837 mandare,
952 793 1178 830 committere
1210 821 1218 829 .
1245 821 1253 830 .
1281 820 1290 829 .
1315 820 1324 829 .
1355 793 1485 838 quibus
1521 794 1608 831 addi
1641 797 1790 840 poterat

277 850 382 896 Virg.
395 850 486 887 Aen.
504 850 594 897 3,29
617 851 677 887 Me
701 849 840 886 famulo
865 850 1041 887 famulam
1053 851 1195 887 Heleno
1218 850 1423 887 transmisit
1436 851 1658 896 habendam3
1683 863 1789 897 quem

277 908 395 944 locum
425 908 524 944 Cort.
548 908 648 944 laud.
680 907 727 944 ad
759 907 896 944 Lucan.
926 907 1035 953 2,341
1067 908 1200 944 docens
1235 919 1269 944 v.
1293 908 1439 944 tradere
1471 913 1510 944 et
1538 909 1789 946 transmittere

277 964 425 1011 propria
449 975 528 1002 esse
553 966 591 1002 in
614 965 684 1002 hac
707 976 747 1002 re
770 966 817 1002 de
842 966 1023 1002 concessis
1047 966 1113 1002 alii
1138 966 1378 1012 coniugibus:

368 1068 428 1112 29)
453 1069 497 1104 Id
521 1079 667 1114 qnoque
691 1069 852 1115 cogitari
875 1072 1002 1113 potest
1013 1069 1230 1115 Periphanis
1254 1069 1336 1105 ideo
1360 1069 1580 1105 mentionem
1602 1080 1674 1106 non
1697 1069 1788 1114 fieri,

278 1125 375 1171 quod
388 1125 563 1172 Epidicus
588 1136 782 1172 personam
807 1125 885 1163 eius
909 1137 982 1173 non
1005 1126 1111 1163 flocci
1134 1126 1246 1163 facit:
1271 1138 1356 1162 nam
1379 1126 1593 1162 facillimum
1617 1126 1687 1162 sibi
1710 1127 1788 1162 fore

278 1187 386 1229 putet
408 1183 478 1219 hac
502 1193 646 1228 quoque
670 1183 709 1219 in
731 1193 771 1219 re
797 1183 927 1227 quovis
952 1183 1102 1220 consilio
1127 1183 1207 1220 seni
1231 1183 1427 1230 imponere,
1452 1183 1484 1220 si
1506 1193 1627 1226 rerum
1652 1186 1788 1220 eventu

278 1244 450 1287 cogatur;
487 1240 554 1276 hoc
579 1243 703 1277 autem
728 1240 918 1277 consilium
948 1252 995 1278 ne
1019 1241 1228 1278 accuratius
1252 1241 1460 1277 illustretur
1490 1241 1788 1285 quemadmodum

279 1287 486 1344 οἰκονομία
509 1298 670 1332 fabellae
693 1301 822 1333 arceat
844 1308 956 1342 supra
980 1298 1073 1333 satis
1097 1298 1311 1333 monuimus.

370 1399 429 1445 30)
454 1400 511 1436 De
536 1399 708 1437 universa
733 1400 950 1446 quaestione
981 1400 1028 1437 cf.
1060 1401 1185 1438 Weiss.
1216 1400 1494 1437 Kostumkunde
1517 1401 1556 1436 Π
1588 1401 1657 1445 (ed.
1682 1400 1785 1445 1860)

277 1468 312 1502 p.
337 1457 406 1493 997
430 1467 506 1503 sqq.
556 1457 691 1502 Quodsi
715 1469 826 1504 supra
851 1457 1007 1494 diximus
1038 1458 1082 1493 de
1107 1457 1232 1494 Plauti
1256 1457 1402 1504 quidem
1430 1467 1520 1494 aevo
1553 1461 1655 1495 certa
1679 1458 1787 1496 docu.⁶

277 1518 401 1550 menta
424 1515 562 1562 deesse,
588 1515 626 1552 in
651 1516 808 1552 Ferrari
845 1516 903 1559 (de
926 1526 967 1552 re
991 1515 1142 1552 vestiar.
1167 1516 1186 1551 I
1209 1515 1327 1561 p.223
1342 1516 1444 1561 sqq),
1469 1515 1664 1553 Santinelli
1689 1516 1787 1560 (diss.

279 1572 324 1606 (le
348 1571 491 1617 discipl.
516 1576 555 1608 et
579 1584 667 1609 mor.
692 1573 815 1608 femin.
842 1574 945 1608 Rom.
970 1584 1006 1618 p.
1024 1573 1089 1608 143
1110 1575 1213 1617 sqq.),
1237 1574 1409 1608 Brissoni
1434 1573 1505 1617 (op.
1517 1572 1602 1608 min.
1615 1573 1787 1618 p.6sqq.‚

277 1628 371 1674 357),
395 1629 548 1665 Beckeri
573 1629 683 1675 (Gall.
707 1630 766 1666 ΠΙ
790 1641 825 1676 p.
849 1629 906 1674 45,
931 1629 1026 1675 138),
1051 1629 1206 1666 aliorum
1230 1630 1454 1666 auctoritate
1485 1628 1637 1666 nitimur
1669 1639 1789 1675 neque

279 1692 334 1726 ea,
358 1691 455 1726 quae
481 1682 520 1718 in
535 1683 668 1727 Paulyi
691 1684 909 1728 Realencyc.
934 1684 1000 1718 sub
1019 1676 1205 1733 Ἑταῖραι
1235 1685 1307 1729 (ΠΙ
1329 1695 1365 1729 p.
1390 1684 1494 1728 1289)
1525 1687 1565 1718 et
1589 1683 1790 1720 Forcellini

278 1742 370 1777 thes.
393 1742 460 1778 snb
475 1742 578 1779 Stola
601 1746 641 1779 et
654 1743 760 1779 Palla
785 1746 1120 1789 commemorantur,
1144 1743 1391 1789 negleximus:
1415 1743 1512 1780 unde
1525 1746 1680 1789 apparet
1691 1742 1788 1788 apud

277 1798 416 1845 priscos
440 1803 569 1846 poetas
596 1801 656 1847 (cf.
669 1800 760 1838 Non.
785 1800 842 1847 14,
852 1801 886 1847 6,
912 1800 975 1837 ubi
999 1800 1095 1837 Enni
1119 1801 1329 1848 fragmenta
1354 1804 1512 1846 exstant,
1538 1800 1668 1846 quibus
1691 1800 1788 1837 stola

276 1860 317 1892 ut
343 1857 484 1893 Graece
510 1859 657 1903 saepius
686 1869 752 1904 pro
781 1858 958 1894 communi
983 1862 1086 1893 veste
1119 1862 1158 1893 et
1181 1858 1335 1893 maxime
1363 1858 1464 1894 virili
1487 1858 1679 1903 accipitur,
1714 1857 1788 1892 vid.

278 1914 429 1951 Ferrar.
455 1914 479 1951 l.
494 1926 523 1951 s.
539 1926 568 1951 s.
592 1926 628 1962 p.
641 1915 722 1962 222,
748 1915 980 1961 Marquardt.
1007 1918 1044 1951 et
1056 1915 1278 1962 Mommsen„
1303 1915 1446 1952 Handb.
1459 1915 1523 1952 der
1545 1919 1634 1952 rom.
1653 1915 1788 1951 Altert.

276 1973 361 2016 VII,
387 1973 474 2018 5573
511 1974 585 2009 alio
610 1973 707 2009 Enni
738 1974 817 2008 loco
848 1973 927 2008 sine
951 1973 1060 2008 dubio
1091 1974 1138 2008 ad
1161 1977 1365 2008 matronam
1395 1972 1603 2018 pertinente
1626 1992 1673 1998 —
1696 1972 1787 2008 Non.

276 2029 363 2075 4,49
395 2050 441 2055 —
472 2031 517 2065 de
550 2029 783 2066 meretricum
815 2029 1021 2066 conditione
1051 2029 1143 2065 nihil
1175 2029 1360 2076 discimus)
1396 2033 1434 2066 et
1466 2030 1639 2066 Plautum
1668 2029 1789 2076 ipsum

276 2087 417 2124 nullum
440 2088 714 2134 discrepantiae
738 2088 939 2134 vestigium
963 2092 1109 2124 exstare
1133 2099 1205 2124 uno
1230 2088 1405 2124 videlicet
1428 2088 1508 2123 loco
1524 2090 1677 2132 excepto
1703 2087 1787 2122 Mil.

276 2145 336 2180 111
358 2145 392 2188 1,
417 2145 496 2191 196,
521 2145 584 2181 ubi
609 2146 654 2180 de
680 2145 786 2180 vittis
818 2148 862 2180 ut
894 2148 1105 2180 ornamento
1136 2144 1332 2180 matronali
1364 2144 1507 2191 agitur3
1546 2144 1610 2180 sed
1633 2153 1679 2179 ne
1703 2142 1788 2179 huic

278 2202 423 2247 quidem
446 2202 618 2240 vincendi
641 2202 697 2239 vis
721 2213 858 2249 magna
889 2202 998 2247 inest,
1025 2212 1145 2248 quum,
1177 2202 1208 2238 si
1233 2203 1330 2239 stola
1352 2203 1525 2248 pallaque
1555 2202 1594 2238 in
1616 2212 1689 2238 uno
1712 2212 1786 2237 ma-

276 2264 465 2296 tronarum
488 2272 557 2296 usu
578 2264 667 2296 tunc
692 2265 799 2296 erant
823 2264 865 2295 ut
889 2264 1030 2305 postea,
1056 2260 1163 2296 valde
1187 2260 1370 2307 miremur,
1396 2270 1460 2295 cur
1473 2259 1788 2305 Periplecomenes

277 2317 557 2363 Milphidippam
582 2328 639 2357 ,ex
663 2321 911 2353 matronarum
934 2317 1050 2353 modo‘
1078 2317 1276 2354 ornandam
1299 2318 1400 2353 vittis
1429 2317 1580 2353 induere
1609 2327 1633 2352 a
1656 2316 1787 2352 Palae—

276 2375 415 2410 strione
439 2375 622 2418 iubeatur,
648 2374 844 2410 matronali
867 2379 960 2410 veste
980 2394 1027 2399 —
1050 2375 1145 2419 quod
1170 2378 1227 2410 est
1251 2374 1297 2410 ad
1313 2374 1479 2410 fraudem
1491 2372 1720 2419 potissimum
1741 2393 1788 2398 -

277 2443 349 2468 non
372 2431 555 2467 iubeatur.
603 2432 725 2467 Stolae
748 2431 867 2477 igitur
889 2431 1110 2467 mentionem
1133 2434 1177 2468 ut
1200 2431 1238 2468 in
1264 2430 1447 2468 Plautinis
1472 2429 1619 2467 fabellis
1641 2440 1788 2475 prorsus

277 2489 538 2534 desideramus,
563 2488 619 2524 ita
635 2489 777 2533 pallam
801 2488 961 2534 itemque
985 2490 1179 2525 amiculum
1204 2498 1421 2533 quamquam
1451 2487 1588 2523 diserte
1612 2487 1786 2522 honestae

277 2546 440 2582 mulieris
482 2545 705 2582 vestimenta
747 2545 936 2581 nominata
987 2546 1047 2591 (cf.
1086 2547 1237 2583 Ferrar.
1262 2547 1282 2582 I
1306 2557 1341 2591 p.
1365 2546 1444 2590 237,
1480 2546 1521 2582 H
1543 2556 1578 2591 p.
1603 2545 1671 2582 137
1695 2546 1786 2590 sqq.)

276 2603 449 2640 uxoribus
482 2603 805 2648 meretricibusque
839 2603 1041 2649 promiscue
1071 2608 1160 2640 tunc
1194 2614 1365 2639 concessa
1395 2602 1509 2639 fuisse
1542 2602 1667 2638 multis
1696 2601 1786 2637 locis

276 2661 460 2696 firmatum
474 2661 633 2706 videtur,
659 2661 705 2696 cf.
725 2661 770 2696 de
786 2661 888 2706 palla
900 2661 985 2697 Aul.
997 2661 1142 2705 11‚1‚48
1168 2662 1308 2707 (uxor.)‚
1335 2661 1439 2696 Truc.
1453 2660 1596 2706 11‚6‚55
1621 2660 1786 2704 (meret),

277 2718 417 2763 V,5,54
433 2719 601 2764 (meret),
626 2719 735 2755 Most.
761 2718 1090 2764 1‚3,125(meret.),
1115 2719 1213 2754 Men.
1227 2717 1351 2763 1‚2,21
1375 2721 1444 2754 etc.
1470 2719 1584 2763 (uxor.
1597 2720 1636 2754 et
1648 2720 1786 2760 meret,

278 2776 454 2825 imprimis
493 2776 543 2821 II,
552 2775 586 2824 3,
595 2775 667 2821 75),
711 2776 755 2810 de
794 2775 948 2812 amiculo
988 2776 1073 2814 Cist.
1111 2776 1142 2825 1,
1151 2775 1258 2825 1,117
1298 2776 1464 2823 (meret.),
1500 2776 1608 2814 Poen.
1639 2774 1788 2821 1‚·2,136
