2052 3172
959 180 1009 221 71

234 314 401 360 (meret.).
435 334 481 340 —-
518 314 612 360 Quid
635 313 777 361 mirum,
814 313 847 350 si
882 314 1082 351 doctissimi
1117 313 1188 351 viri
1223 314 1306 351 inde
1347 314 1558 353 efficiebant
1591 316 1737 352 habitus

232 372 517 417 discrepantiam
551 372 759 408 recentiore.
791 373 933 408 demum
967 375 1131 417 tempore
1166 372 1388 419 provenisse,
1427 373 1475 409 cf.
1498 373 1605 409 Paul.
1629 373 1737 409 Real-

234 429 372 475 encycl.
395 429 460 466 IV.
483 440 571 476 pag.
596 429 688 466 1866
723 429 789 466 sub
822 439 911 466 voce
940 429 1134 466 Meretrix:
1171 429 1336 474 ‚Seitdem
1365 430 1426 466 lex
1449 430 1553 467 Julia
1584 434 1622 467 et
1647 431 1737 476 Pap.

232 488 345 533 Popp.
379 488 491 532 (anno
515 488 539 523 9
562 498 597 532 p.
622 487 703 522 Chr.
727 487 807 530 lat.)
846 486 906 521 die
928 487 1006 522 Ehe
1038 487 1102 522 der
1131 490 1258 522 meret.
1294 488 1368 522 und
1405 493 1522 523 senat.
1547 489 1736 531 verboten‚

232 544 382 581 wurden
404 543 464 580 die
487 543 697 579 meretrices
722 543 854 579 ebenso
885 542 1040 579 infames
1072 544 1249 590 gehalten
1279 543 1349 580 wie
1384 544 1443 580 die
1466 545 1633 591 Kuppler
1657 572 1665 581 .
1680 572 1687 580 .
1704 572 1712 580 .
1727 571 1736 579 .

232 601 306 638 und
332 601 479 637 durften
502 601 646 638 deshalb
669 601 772 646 nicht
794 601 853 637 die
877 600 1065 647 Kleidung
1090 602 1262 638 ehrbarer
1278 602 1470 638 Matronen
1493 606 1629 649 tragen
1653 605 1736 638 etc.‘

233 659 303 695 Sed
328 659 507 695 cancellos
531 658 613 694 illos
643 658 716 695 iam
739 659 853 695 multo
890 661 978 695 ante
1003 659 1151 695 stetisse
1175 659 1305 695 Afrani
1329 659 1419 696 illud
1444 660 1606 697 ostendit
1631 660 1735 705 (Non.

232 718 330 762 XIV,
343 717 400 759 27)
427 728 449 752 a
472 717 626 752 Beckero
652 719 984 766 commemoratum:

504 773 681 810 Meretrix
705 785 785 811 cum
808 777 912 811 veste
935 774 1073 820 longa?
1097 773 1292 820 peregrino
1318 774 1355 810 in
1378 775 1456 810 loco

505 830 607 867 Solet
630 831 777 868 tutandi
802 843 914 868 causa
937 842 1017 867 sese
1041 842 1196 868 sumere.

232 899 385 933 quocum
409 887 612 931 ,muliebria
634 888 728 925 iura‘
753 898 961 935 compares,
975 889 1105 933 quibus
1127 888 1284 924 maiores
1308 888 1525 925 feminarum
1548 889 1735 925 licentiam

232 946 406 992 alligasse
430 945 602 982 dicuntur
624 957 648 982 a
671 946 810 983 Catone
840 945 976 982 maiore
1000 946 1082 982 Liv.
1106 946 1322 989 XXXIV,3=
1362 957 1409 982 an
1432 947 1514 983 iura
1542 948 1735 983 muliebria

232 1004 345 1038 fuisse
369 1008 538 1048 putemus
561 1003 741 1046 luxuriem
766 1003 984 1048 cohibentia,
1009 1012 1103 1048 quae
1128 1003 1173 1038 de
1197 1003 1448 1040 meretricibus
1478 1003 1569 1040 nihil
1592 1007 1733 1041 statue-

230 1065 338 1096 rent?
387 1061 489 1096 Conf.
526 1060 638 1108 etiam
675 1061 834 1096 Macrob.
866 1063 1005 1096 saturn.
1036 1060 1068 1103 1,
1082 1061 1115 1104 6,
1129 1060 1186 1105 13,
1231 1061 1292 1095 cit.
1328 1071 1386 1106 ap.
1427 1062 1659 1106 Marquardt.
1697 1066 1736 1096 et

231 1118 439 1154 Mommsen.
452 1118 477 1154 1.
490 1128 518 1154 s.
531 1128 559 1153 S.
582 1129 618 1163 p.
630 1116 699 1154 557
723 1119 847 1153 annot.
870 1117 904 1154 3.
942 1117 1022 1153 Non
1046 1117 1375 1163 praetermittenda
1397 1128 1484 1154 vero
1510 1122 1567 1153 est
1589 1118 1734 1163 antiqui

231 1175 339 1211 moris
365 1175 597 1211 commutatio
623 1174 767 1220 aliquot
795 1174 869 1210 iam
898 1174 1003 1210 annis
1033 1178 1121 1210 ante
1145 1175 1317 1210 Plautum
1341 1178 1467 1211 coorta
1499 1194 1546 1201 —-
1582 1176 1630 1212 cf.
1653 1176 1734 1212 Liv.

230 1233 333 1280 X31,
356 1233 420 1270 ubi
442 1232 597 1279 primum
625 1235 871 1269 matronarum
900 1233 1143 1269 Romanarum
1172 1232 1308 1269 mentio
1338 1232 1381 1269 fit
1410 1233 1630 1269 lenocinium
1653 1245 1733 1279 pro-

230 1291 413 1326 fitentium
434 1310 492 1333 -—‚
528 1290 643 1335 ipsius
667 1293 792 1334 autem
816 1300 906 1325 aevo
930 1290 1147 1324 horrendum
1171 1289 1209 1324 in
1231 1289 1375 1324 modum
1399 1300 1595 1335 progressa
1617 1309 1663 1314 —
1688 1291 1735 1325 cf.

229 1346 311 1383 Liv.
335 1347 502 1392 XXXIX,
517 1347 540 1382 8
563 1356 643 1392 sqq.
654 1367 711 1393 —-‚
724 1350 768 1383 ut
790 1347 924 1383 mirum
942 1349 1049 1391 esset,
1074 1346 1106 1382 si
1124 1356 1192 1382 uec
1204 1342 1328 1382 mariti
1346 1356 1465 1392 neque
1484 1356 1615 1383 uxores
1632 1347 1734 1393 ipsae

229 1405 432 1441 matronale
457 1405 568 1440 decus
605 1405 733 1450 utique
757 1405 898 1441 munire
922 1405 1167 1440 studuissent:
1205 1405 1307 1440 cuius
1343 1406 1572 1450 corruptelae
1609 1406 1735 1441 crebra

230 1462 392 1509 vestigia
428 1461 466 1497 in
503 1462 718 1498 comicorum
755 1461 890 1498 fabulis
927 1461 1112 1498 exstantia
1149 1461 1302 1508 collegit
1335 1463 1513 1498 Beckerus
1549 1463 1645 1499 Gall.
1676 1463 1735 1506 ΙΙΙ

230 1533 266 1567 p.
278 1521 324 1557 39
336 1531 425 1566 sqq„
450 1520 675 1566 singularem
706 1524 831 1557 autem
848 1520 928 1557 vvim
951 1520 1167 1556 Aululariae
1190 1532 1225 1556 v.
1239 1519 1422 1556 471—528
1446 1521 1609 1566 (Waqn)
1632 1521 1733 1557 nullo

229 1579 333 1613 modo
357 1589 420 1622 pro
445 1577 578 1622 spuriis
601 1578 777 1614 habendis
800 1577 1005 1622 tribuimus,
1031 1578 1127 1622 quod
1152 1578 1198 1612 ad
1217 1577 1397 1612 luxuriem
1419 1577 1566 1621 quidem
1585 1577 1734 1613 attinet.

230 1634 454 1682 Cogitabant
483 1638 583 1671 certo
608 1635 763 1672 Romani
793 1635 913 1671 laxius
943 1635 987 1670 de
1017 1635 1125 1671 rebus
1155 1633 1384 1680 meretriciis,
1423 1645 1536 1678 quam
1560 1645 1626 1670 nos
1651 1646 1733 1670 con-

228 1692 422 1736 suevimus,
447 1702 565 1736 neque
590 1692 668 1737 ipse
683 1693 773 1727 Cato
789 1692 912 1728 iuveni
925 1692 1103 1726 modicam
1117 1692 1297 1727 Venerem
1319 1691 1579 1736 exprobrabat3
1603 1692 1733 1727 nihilo-

231 1749 353 1784 secius
376 1759 420 1784 ne
445 1748 660 1785 tenuissima
683 1749 829 1794 quidem
852 1748 1036 1784 dubitatio
1061 1758 1141 1783 esse
1164 1751 1299 1794 potest,
1324 1747 1414 1793 quin
1438 1747 1533 1784 idem
1558 1748 1621 1784 ille
1642 1748 1734 1785 Cat-0

228 1817 322 1852 prae
350 1806 482 1843 ceteris
521 1807 672 1854 caverit,
707 1818 754 1843 ne
789 1811 1037 1843 matronarum
1071 1807 1243 1843 honestas
1279 1806 1538 1842 detrimentum
1574 1811 1734 1853 caperet.

228 1864 330 1908 Quod
354 1868 478 1900 autem
491 1865 588 1909 apud
599 1864 772 1901 Plautum
791 1865 870 1900 fere
893 1865 996 1900 nulla
1009 1864 1193 1899 inveneris
1217 1864 1271 1899 rei
1296 1863 1470 1909 vestigia,
1494 1863 1619 1899 mirari
1643 1865 1733 1899 noli:

227 1930 311 1957 nam
334 1920 373 1957 iu
398 1921 576 1958 communi
600 1921 816 1959 comicorum
847 1921 991 1958 ratione
1016 1921 1267 1967 hocpositum
1292 1924 1360 1957 est.
1408 1920 1511 1965 Quod
1542 1920 1638 1958 enim
1670 1933 1733 1958 an-

227 1979 405 2023 tiquiores
428 1980 486 2015 illi
508 1983 640 2025 poetae
665 1983 742 2028 tam
764 1990 848 2015 raro
861 1979 1014 2014 Romani
1041 1979 1159 2013 cultus
1184 1978 1404 2013 mentionem
1428 1978 1572 2013 faciunt
1590 1982 1657 2014 aut
1679 1979 1735 2014 ita

227 2035 525 2072 vestimentorum
548 2037 694 2073 nomina
717 2039 897 2082 usurpant
920 2039 964 2072 ut
987 2036 1142 2072 Plautus
1168 2038 1207 2071 et
1228 2035 1379 2081 Ennius,
1404 2035 1471 2071 hoc
1496 2045 1538 2071 eo
1564 2035 1734 2072 effectum

227 2093 384 2137 videtur,
409 2095 504 2139 quod
529 2095 689 2130 Graecas
714 2092 858 2129 fabulas
881 2094 919 2128 in
931 2093 1105 2128 Latinum
1129 2097 1316 2128 vertentes
1334 2094 1508 2138 formam,
1533 2104 1605 2127 non
1628 2105 1731 2128 usum

226 2150 481 2196 respiciebant,
507 2151 819 2187 efiSantinellium
843 2150 867 2184 l.
881 2161 908 2184 s.
922 2160 950 2184 s.
974 2161 1009 2194 p.
1023 2149 1106 2185 149:
1137 2141 1205 2194 ,D'e
1229 2150 1329 2195 palla
1354 2153 1392 2184 et
1417 2149 1572 2184 amiculo
1600 2149 1731 2185 iniciat

226 2206 362 2244 nemini
385 2208 626 2254 suspicionem
649 2209 816 2245 Plautus.
863 2208 951 2244 Cum
976 2207 1072 2244 enim
1096 2208 1158 2243 ille
1184 2200 1357 2253 palliatas
1382 2208 1541 2253 doceret,
1566 2208 1732 2252 quamvis

227 2265 265 2301 in
289 2265 421 2301 ceteris
445 2267 627 2302 Romanos
649 2276 766 2302 mores
791 2265 1008 2311 depinxerit,
1034 2265 1144 2300 aliter
1167 2269 1290 2300 tamen
1320 2275 1391 2300 non
1415 2264 1538 2310 potuit
1560 2265 1732 2300 mulieres

226 2333 324 2366 suas,
361 2323 439 2359 sive
462 2324 647 2370 honestas,
684 2323 761 2360 sive
785 2324 975 2369 probrosas
1006 2332 1147 2368 ornare,
1185 2333 1295 2367 quum
1318 2322 1441 2367 palla.‘
1488 2323 1545 2357 Ex
1580 2322 1732 2358 Graecis

226 2390 249 2414 a
273 2379 406 2415 Plauto
431 2380 546 2416 multa
569 2380 763 2416 immutata
792 2383 943 2425 recepta
969 2382 1070 2423 sunt3
1109 2383 1311 2414 ceterorum
1344 2378 1645 2414 vestimentorum
1669 2391 1731 2414 no-

226 2435 325 2472 mina
348 2436 387 2472 in
410 2436 583 2472 Latinum
615 2440 830 2474 convertens
864 2437 1161 2482 quemadmodum
1184 2448 1288 2472 usum
1311 2447 1383 2472 non
1406 2436 1622 2482 respexerit,
1661 2437 1733 2473 iam

227 2504 336 2539 supra
359 2493 573 2540 monuimus,
610 2495 720 2540 idque
746 2505 788 2530 eo
812 2495 930 2530 minus
956 2494 1118 2536 offendit,
1158 2505 1226 2538 quo
1251 2493 1483 2529 manifestius
1521 2497 1579 2529 est
1603 2498 1732 2539 poetas

226 2560 299 2586 non
322 2550 398 2587 alia
414 2550 635 2588 vestimenta
660 2552 699 2588 in
717 2551 852 2588 fabulis
871 2551 1085 2595 nominasse,
1111 2562 1219 2596 quam
1243 2561 1335 2596 quae
1349 2554 1561 2596 spectantes
1585 2562 1625 2587 re
1644 2562 1733 2588 vera

226 2611 314 2645 ante
338 2609 459 2645 oculos
482 2608 683 2646 habebant:
709 2613 877 2646 auctores
902 2614 1025 2646 autem
1038 2609 1177 2645 Graeco
1202 2611 1334 2644 ornatu
1359 2608 1397 2644 in
1415 2619 1526 2645 scena
1544 2620 1628 2645 usos
1653 2620 1732 2659 esse

226 2665 353 2702 sinon
375 2665 504 2711 utique
530 2669 683 2710 constat,
721 2670 845 2703 tamen
880 2666 918 2703 in
953 2667 1110 2713 palliata
1145 2666 1207 2702 vix
1242 2665 1321 2701 iure
1345 2670 1516 2713 negetur,
1556 2667 1603 2703 cf.
1628 2667 1732 2703 Paul.

226 2720 459 2769 Realencyel.
484 2724 551 2759 sub
575 2725 720 2761 Histrio
745 2724 814 2768 III,
829 2725 930 2769 1412,
965 2720 1107 2760 Becker.
1132 2723 1227 2759 Gall.
1252 2724 1311 2758 ΠΙ
1335 2735 1371 2769 p.
1396 2723 1475 2769 117,
1513 2724 1617 2760 Rein.
1644 2724 1731 2760 ibid.

227 2791 262 2825 p.
286 2780 355 2816 148
377 2791 466 2827 sqq„
491 2781 686 2817 Hannium·
702 2791 799 2817 scen.
823 2785 964 2826 quaest.
989 2781 1044 2816 Pl.
1069 2790 1103 2826 p.
1116 2781 1161 2816 14
1173 2790 1250 2825 sqq.
1287 2780 1425 2817 Contra
1449 2792 1560 2826 quum
1585 2785 1724 2817 certum
