2052 3172
1008 168 1063 208 46

274 303 409 347 etiam
439 305 567 346 antea
587 314 671 345 non
701 302 898 356 puditum
927 302 986 345 sit
1009 301 1223 346 fidicinam
1252 314 1414 355 amare;
1445 303 1600 358 inique,
1631 304 1791 360 siquid

277 371 484 415 videmus.
528 370 624 414 Non
652 382 782 414 verus
812 371 924 414 enim
944 375 1074 426 atque
1104 371 1297 415 sincerus
1316 375 1392 416 estv
1411 371 1550 427 pudor
1577 372 1650 417 ille
1669 372 1790 418 Stra-

277 440 502 494 tippoclis;
538 451 625 482 non
658 439 826 482 amonis
859 452 958 483 eum
987 440 1122 494 pudet
1150 441 1346 494 captivae
1374 441 1556 495 puellae,
1593 441 1670 485 sed
1705 455 1786 484 ru-

276 508 413 551 moris
442 507 542 551 inde
572 508 722 560 coorti,
753 508 867 562 quod
898 508 1078 552 amicam
1107 509 1161 553 de
1190 509 1353 564 praeda
1379 514 1592 554 mercatus
1620 510 1790 555 danista

276 577 507 621 comitante
535 580 686 631 aperte
715 577 760 620 in
790 577 973 622 militum
1002 578 1170 632 agmine
1199 578 1389 622 Athenas
1426 591 1569 623 secum
1597 579 1787 634 adduxit,

275 659 359 691 non
390 646 484 690 sine
499 645 765 690 inimicorum
793 645 1060 699 quorundam
1080 646 1360 699 cavillatione,
1391 647 1429 691 si
1448 648 1618 702 quidem
1647 661 1686 692 v.
1710 652 1785 692 109

275 729 366 771 sqq.
406 715 592 769 aliquam
627 714 713 757 vim
743 715 1021 759 concedimus.
1066 716 1205 770 Atque
1234 728 1282 759 re
1323 728 1426 759 vera
1453 717 1619 759 amon‘s
1659 721 1788 771 poeta

274 797 386 828 vers.
419 784 504 827 illis
530 787 754 827 106-107
776 783 1034 828 mentionem
1052 784 1155 828 facit
1184 785 1354 829 nullam.
1406 785 1581 829 Illorum
1601 786 1798 830 omnium>

274 853 316 896 in
347 853 493 907 priore
522 852 658 895 amica
692 852 921 895 mercanda
959 853 1064 895 nihil
1102 857 1197 896 erat
1233 853 1483 897 timendum:
1528 866 1626 896 nam
1656 865 1786 909 quum

274 920 540 975 contigisset,
577 923 626 963 ut
661 932 740 974 pro
777 919 865 963 filia
901 933 952 964 ea
981 924 1207 974 emeretur,
1245 922 1348 977 quid
1384 927 1478 966 erat
1509 922 1785 977 Stratippocli

272 989 517 1044 pudendum
559 989 674 1044 quod
716 987 982 1039 liberandam
1026 1001 1120 1032 eam
1156 984 1408 1033 curaverat?
1466 992 1561 1035 Non
1597 1003 1784 1035 amorem

273 1059 418 1114 igitur,
441 1058 518 1103 sed
538 1070 765 1110 rumorem,
786 1070 911 1113 quem
935 1057 1182 1103 adulescens
1208 1058 1448 1114 verebatur,
1473 1060 1650 1114 pudoris
1670 1060 1785 1104 illius

274 1140 447 1172 causam
475 1126 610 1171 fuisse
629 1129 843 1182 putamus,
875 1138 999 1181 quem
1020 1126 1328 1182 Stratippocles
1358 1129 1493 1172 amico
1524 1129 1785 1173 indicaverat

272 1198 418 1252 priore
453 1209 660 1248 sermone,
703 1208 787 1252 quo
825 1196 1114 1251 colloquentes
1158 1200 1288 1250 poeta
1331 1210 1404 1241 eos
1440 1198 1619 1242 inducit:
1664 1200 1784 1243 cuius

272 1265 481 1310 sermonis
519 1264 703 1319 vestigia
731 1275 862 1320 quum
901 1264 986 1307 iam
1025 1277 1156 1319 supra
1195 1266 1429 1320 tetigimus,
1474 1269 1566 1309 tum
1602 1266 1784 1321 pudom‘s

271 1334 672 1379 commemoratione
700 1346 740 1376 v.
767 1337 846 1376 107
877 1346 962 1376 non
991 1334 1131 1377 minus
1160 1347 1287 1390 quam
1317 1339 1532 1379 vers-112
1554 1339 1598 1379 et
1624 1339 1701 1379 116
1733 1348 1784 1378 ea

271 1414 482 1458 apparere
522 1401 796 1446 arbitramur.
857 1400 1071 1445 Discimus
1111 1402 1223 1445 enim
1264 1402 1332 1447 his
1377 1402 1574 1447 versibus
1609 1402 1782 1456 Chaeri-

270 1473 418 1518 bulum
459 1472 533 1515 illo
573 1471 785 1527 colloquio
826 1470 1015 1514 sodalem
1058 1471 1111 1515 de
1149 1472 1330 1525 pecunia
1369 1473 1633 1516 consolatum
1673 1485 1779 1526 esse,

271 1540 484 1599 quomodo
513 1540 667 1595 potuit,
699 1552 845 1597 quare,
884 1550 1013 1593 quum
1041 1543 1194 1594 postea
1222 1540 1426 1584 auxilium
1461 1544 1640 1595 rogatus
1676 1540 1781 1584 nihil

271 1611 507 1665 promittat,
538 1621 677 1665 neque
696 1607 970 1662 opprobrium
999 1620 1083 1651 non
1104 1612 1395 1662 exspectatum
1422 1621 1560 1666 neque
1579 1609 1781 1653 iniustam

270 1680 396 1723 amici
425 1678 799 1733 reprehensionem
818 1676 1070 1731 divinamur,
1100 1677 1212 1732 quod
1237 1677 1424 1720 Weisius
1443 1678 1614 1735 quidem
1635 1679 1780 1722 voluit.

271 1773 325 1782 -
352 1748 419 1792 Ad
433 1747 760 1803 Lanyrehrium
780 1750 829 1791 ut
848 1750 1132 1791 revertamur:
1164 1746 1278 1804 quod
1298 1746 1447 1796 v.145
1467 1750 1608 1792 exstat
1630 1748 1782 1802 ‚Meam

270 1817 442 1861 domum
471 1830 525 1861 ne
554 1816 741 1862 imbitas‘
770 1817 877 1861 nihil
906 1817 1022 1860 aliud
1058 1816 1160 1872 quin
1195 1816 1275 1860 hoc
1310 1817 1415 1860 velit
1450 1829 1577 1873 quam
1615 1817 1780 1870 ,komm'

268 1887 352 1930 mir
389 1886 510 1930 nicht
548 1889 676 1930 unter
715 1886 784 1930 die
822 1887 986 1941 Augen‘
1045 1886 1111 1929 vel
1157 1885 1332 1939 ,Betritt
1369 1886 1452 1928 mir
1488 1887 1607 1929 nicht
1645 1887 1782 1929 meine

270 1955 487 2000 Schwelle‘
516 1955 641 1998 nobis
661 1955 768 1998 adeo
799 1954 974 1999 dubium
1005 1967 1089 1999 nou
1109 1958 1189 2007 est,
1221 1958 1270 1998 ut
1290 1967 1428 2011 neque
1458 1955 1511 1999 de
1530 1955 1781 2009 Periphanis

269 2036 408 2080 neque
427 2024 480 2067 de
496 2024 740 2068 Chaeribuli
761 2024 940 2068 aedibus
956 2024 1187 2079 quidquam
1207 2027 1459 2067 statuamus.
1476 2048 1534 2055 —
1557 2025 1622 2067 De
1639 2022 1781 2071 v.153

269 2093 372 2147 (148
386 2092 463 2147 L.)
479 2104 572 2150 sqq.
595 2096 640 2136 et
660 2095 742 2136 653
764 2094 894 2148 (7367
910 2092 985 2147 L.)
1007 2104 1136 2149 quum
1157 2104 1287 2146 supra
1307 2092 1564 2146 scriptorum
1585 2092 1698 2147 (pag.
1713 2095 1779 2144 25,

268 2163 375 2214 p.20
395 2173 486 2215 sqq.
508 2174 604 2205 cum
624 2166 766 2204 annot.
791 2161 864 2215 21)
893 2161 1136 2204 memineris
1157 2161 1348 2213 velimus,
1380 2161 1464 2204 iam
1483 2161 1779 2214 ponderemus,

268 2241 354 2288 quo
374 2229 468 2274 iure
482 2225 786 2286 Lanyrehm‘us
804 2230 848 2274 in
868 2242 905 2274 v.
922 2228 1017 2279 457
1039 2240 1150 2287 sqq.
1183 2228 1312 2284 (111‚4
1328 2228 1404 2284 L.)
1435 2229 1619 2273 haesitet
1636 2229 1781 2273 dicens

267 2311 405 2354 neque
419 2312 516 2343 cum
535 2300 702 2354 Epidici
718 2300 895 2343 consilio
909 2311 1048 2355 neque
1062 2311 1157 2342 cum
1175 2297 1371 2343 fidicinae
1385 2299 1582 2353 opinione
1602 2311 1781 2353 congru·-

267 2381 341 2412 ere
360 2369 541 2412 militem
558 2368 804 2423 resciscere,
820 2366 895 2412 ubi
911 2367 1192 2422 Acropolistis
1211 2365 1390 2415 habitet.
1422 2368 1491 2419 At,
1509 2379 1779 2424 quaesumus,

265 2438 369 2493 quid
404 2441 549 2492 empta
582 2438 727 2492 priore
762 2438 906 2493 puella
940 2437 1106 2492 Epidici
1142 2436 1337 2490 interest,
1375 2440 1518 2480 utrum
1553 2436 1676 2481 miles
1712 2449 1779 2480 re-

266 2507 436 2561 sciscat,
479 2518 564 2561 quo
603 2507 678 2549 illa
716 2506 845 2550 ducta
884 2506 954 2558 sit,
1000 2506 1158 2550 necne?
1215 2505 1478 2559 Periphanes
1513 2504 1646 2550 filiam
1686 2518 1779 2548 eam

266 2579 410 2631 putat3
450 2575 553 2620 licet
588 2575 721 2631 igitur
755 2575 839 2620 ille·
864 2574 1067 2620 emendae
1103 2574 1272 2630 puellae
1301 2586 1430 2619 causa
1464 2586 1610 2618 senem
1638 2573 1776 2627 adeat,

265 2645 503 2699 periculum
531 2657 616 2689 non
653 2649 733 2698 est,
770 2657 824 2688 ne
859 2644 1117 2688 venumdata
1152 2643 1239 2687 filio
1276 2647 1449 2698 praesto
1485 2655 1570 2686 non
1601 2644 1671 2686 sit.
1732 2643 1778 2686 Si

266 2714 401 2768 igitur
428 2714 627 2768 ponimus
643 2734 705 2744 ·—
725 2713 840 2769 quod
869 2713 986 2756 intra
1014 2716 1181 2768 tempus
1211 2725 1263 2756 ex
1284 2711 1498 2766 emptione
1527 2710 1602 2756 illa
1629 2724 1778 2766 perac-

266 2786 357 2826 tum
387 2781 586 2827 facillime
606 2781 700 2826 fieri
718 2782 873 2836 potuit,
898 2806 956 2812 —
978 2781 1156 2824 militem
1173 2780 1499 2834 Acropolistidis
1519 2780 1778 2824 domicilium
