2052 3172
957 107 1009 146 55

774 649 1166 709 Excursus

603 750 666 797 de
697 754 846 799 actae
875 751 1077 809 Epidici
1105 753 1349 809 tempore.

344 865 408 906 Ex
438 877 520 919 quo
551 866 725 909 ineunte
760 867 839 909 hoc
870 867 1038 910 saeculo
1067 867 1260 909 homines
1296 866 1411 909 docti
1446 867 1607 909 maiore
1636 879 1731 908 cum

229 946 332 976 cura
360 933 562 987 palliatae
581 932 751 978 fabulae
770 934 976 989 principis
1006 935 1254 978 memoriam
1274 937 1469 988 repetere
1489 938 1731 989 coeperunt,

230 1014 312 1044 non
341 1014 473 1055 parva
492 1002 725 1056 cupiditate
746 1003 963 1057 temporis,
995 1015 1078 1057 quo
1097 1003 1281 1058 primum
1302 1014 1494 1057 quaeque
1515 1002 1733 1046 comoedia

230 1073 421 1123 spectata
450 1074 577 1123 esset,
613 1071 898 1124 investigandi
943 1071 1276 1114 incendebantur
1314 1074 1359 1114 et
1393 1071 1617 1114 titulorum
1662 1070 1732 1125 (cf.

228 1138 394 1181 Bit-sch.
432 1151 522 1192 par.
560 1152 601 1193 p.
625 1142 720 1192 250,
753 1139 854 1194 301)
898 1140 1055 1183 auxilio
1095 1138 1261 1182 duobus
1307 1139 1494 1193 exceptis
1536 1141 1733 1181 carentes

229 1220 253 1249 e
282 1219 426 1249 rerum
445 1208 706 1261 quarundam
728 1208 1124 1252 commemoratione
1155 1211 1296 1250 certos
1317 1207 1522 1250 terminos
1543 1210 1734 1249 statuere

229 1274 500 1318 conabantur.
569 1276 773 1319 Nostrum
811 1277 945 1330 igitur
982 1277 1065 1319 erit
1119 1288 1188 1319 res
1229 1276 1282 1318 ab
1323 1276 1419 1318 aliis
1461 1275 1652 1329 disperse
1688 1279 1733 1317 et

229 1343 405 1398 profuse
434 1343 487 1387 de
516 1344 693 1399 Epidico
723 1345 915 1399 prolatas
945 1357 1075 1388 unum
1104 1345 1147 1389 in
1176 1345 1315 1388 locum
1350 1356 1502 1399 cogere
1532 1347 1577 1387 et
1604 1355 1733 1387 unum

231 1411 309 1454 sub
339 1414 558 1467 aspectum
588 1412 793 1456 subicere.

342 1481 481 1524 Innixi
512 1480 707 1525 versibus
741 1482 828 1526 illis
861 1482 1012 1526 Bacch.
1045 1482 1097 1536 II,
1117 1485 1155 1536 2,
1174 1484 1226 1525 36
1259 1480 1327 1537 (cf.
1351 1494 1482 1536 supra
1509 1494 1549 1536 p.
1574 1480 1646 1535 51)
1677 1478 1731 1524 ab

229 1550 351 1593 initio
382 1563 538 1603 omnes,
571 1552 642 1605 qui
678 1552 785 1594 hanc
814 1552 1104 1606 quaestionem
1139 1551 1387 1604 tetigerunt,
1425 1550 1539 1604 quod
1573 1562 1731 1604 ponen-

230 1620 330 1661 dum
360 1623 464 1672 erat,
495 1621 721 1674 ponebant,
752 1621 975 1675 Epidicum
1005 1624 1104 1663 ante
1124 1620 1358 1663 Bacchides
1379 1620 1423 1662 in
1444 1631 1614 1662 scenam
1632 1631 1732 1673 pro-

230 1687 373 1729 diisse.
435 1688 518 1730 Sed
548 1688 649 1741 quid
684 1689 783 1730 inde
812 1689 1042 1731 discimus?
1100 1689 1252 1730 Potest
1292 1688 1403 1730 enim
1438 1688 1501 1729 ita
1528 1686 1733 1740 Epidicus

229 1769 312 1799 non
331 1756 469 1799 minus
489 1756 627 1810 prima
647 1769 772 1810 quam
800 1756 1060 1810 paenultima
1074 1756 1217 1799 Plauti
1242 1755 1387 1800 fabula
1405 1754 1568 1807 haberi,
1600 1765 1732 1808 quare

228 1836 312 1866 non
340 1824 506 1876 mirum,
539 1825 576 1867 si
606 1825 826 1867 doctorum
856 1825 1095 1867 sententiae
1115 1825 1194 1867 hac
1215 1825 1267 1867 de
1287 1837 1336 1867 re
1355 1825 1399 1866 in
1420 1823 1732 1867 contentionem

228 1898 446 1936 venerunt.
515 1892 943 1948 Windischmannus,
996 1894 1068 1948 qui
1106 1893 1286 1937 aliorum
1319 1897 1369 1937 ut
1402 1891 1632 1945 Niebuhri,
1675 1889 1728 1932 G.

228 1960 492 2016 Hermanni,
523 1961 701 2018 Koepki,
732 1962 894 2005 Ritteri
921 1962 1115 2016 vestigiis
1146 1955 1348 2005 insistens
1379 1960 1642 2015 singularum
1669 1958 1732 2002 fa-

229 2029 426 2074 bularum
454 2030 718 2085 temporibus
754 2032 993 2075 statuendis
1024 2043 1197 2085 operam
1227 2031 1345 2074 dedit
1389 2030 1515 2085 (Mus.
1546 2028 1678 2071 Rhen.
1710 2028 1731 2070 I

228 2113 269 2153 p.
298 2103 376 2142 110
397 2099 519 2153 sqq.)‚
552 2100 604 2142 de
623 2104 787 2154 septem
807 2099 1033 2142 comoediis
1053 2099 1248 2153 interque
1269 2111 1342 2141 eas
1362 2098 1414 2141 de
1428 2097 1606 2152 Epidico
1625 2095 1731 2138 nihil

229 2181 275 2211 se
305 2168 519 2211 invenisse
539 2167 711 2221 fatetur,
742 2168 854 2211 unde
880 2171 1043 2211 certum
1061 2168 1222 2221 aliquid
1251 2167 1405 2210 ducere
1423 2166 1568 2208 liceat:
1599 2177 1731 2218 quum

229 2236 453 2290 Epidicum
496 2237 615 2279 iuxta
654 2237 884 2280 Bacchides
931 2236 1097 2289 ,mirum
1142 2239 1345 2290 quantum
1383 2233 1536 2277 Graeci
1578 2236 1730 2287 poetae

231 2305 446 2359 exemplar
480 2305 688 2349 redolere‘
729 2306 919 2359 sentiret,
964 2305 1008 2347 id
1049 2304 1219 2359 quidem
1255 2302 1510 2347 contendere
1544 2304 1730 2356 poterat,

229 2373 452 2427 Epidicum
482 2374 527 2416 in
555 2375 865 2417 recentioribus
903 2386 996 2417 esse
1025 2373 1273 2427 ponendam,
1314 2371 1512 2425 quoniam
1541 2370 1733 2412 Romana

229 2441 386 2485 iudicia
414 2442 619 2497 paulatim
646 2456 787 2487 meras
806 2443 971 2486 Atticas
1000 2440 1165 2485 fabulas
1190 2440 1410 2484 adamasse
1429 2451 1513 2482 non
1532 2438 1652 2482 latet.
1673 2464 1731 2469 —

230 2514 336 2556 Post
359 2512 799 2555 Windischmannum
815 2511 1088 2555 Petersenius
1107 2511 1151 2553 in
1167 2510 1419 2551 Zc'mmerm.
1442 2509 1579 2551 diurn.
1598 2509 1728 2563 antiq.

233 2582 343 2626 stud.
388 2595 424 2625 a.
461 2585 568 2625 1836
610 2595 650 2636 p.
674 2585 756 2626 606
778 2594 869 2636 sqq.
910 2584 1071 2624 certum
1117 2591 1270 2622 annum
1314 2581 1505 2621 statuere
1553 2581 1732 2621 conatus

233 2652 413 2695 alteram
453 2651 727 2695 didascaliam
767 2663 923 2705 earum,
960 2661 1064 2704 quas
1100 2648 1155 2690 A.
1188 2647 1341 2689 Maius
1375 2659 1461 2689 non
1489 2646 1551 2689 ita
1578 2659 1735 2702 magna

234 2734 328 2764 cum
368 2734 470 2765 cura
508 2722 671 2777 primus
705 2720 904 2776 ediderat
952 2729 1211 2773 quarumque
1248 2716 1435 2772 priorem
1483 2715 1728 2758 Wimlisch-
