2052 3172
973 132 1022 174 16

233 268 435 322 revellat3
481 267 608 324 quod,
649 268 686 311 si
718 267 833 311 socia
872 269 963 312 eius
992 267 1107 312 facta
1146 273 1273 322 esset,
1305 272 1421 313 certe
1450 281 1663 325 nunquam
1702 269 1746 315 in

236 341 420 380 mentem
456 338 496 380 ei
541 341 767 380 venturum
805 337 959 381 fuisset
1002 338 1103 393 (vid.
1140 338 1381 393 Lanyrehr.
1421 339 1447 381 l.
1471 351 1503 381 s.
1527 351 1560 381 s.
1593 351 1633 393 p.
1661 340 1744 393 12).

234 406 462 449 Enimvero
492 405 653 459 aliquid
682 406 797 449 inest
826 406 868 449 in
889 406 1076 465 dilucida
1094 406 1173 450 hac
1194 407 1442 461 quaestione
1462 407 1575 463 quod
1605 407 1746 461 legen-

235 477 322 517 tem
352 474 512 529 capiat:
552 480 845 525 verumtamen
880 475 948 517 vir
983 475 1054 519 ille
1085 475 1236 518 doctus
1275 488 1367 518 rem
1396 475 1519 519 nobis
1547 474 1748 530 probavit

236 543 420 585 minime.
481 543 624 596 Atque
654 543 837 598 primum
877 556 1072 597 magnam
1112 547 1279 598 partem
1307 536 1363 586 vin
1393 557 1443 588 eo
1473 545 1625 587 nititur
1654 544 1746 587 eius

235 613 302 656 vis
331 612 672 667 argumentandi,
693 612 807 667 quod
827 624 978 655 versus
998 612 1095 667 illos
1117 615 1345 656 314—318
1366 613 1510 668 inique
1530 613 1745 657 dissecans

236 682 460 730 consilium
506 682 661 737 duplex
707 681 923 735 odoratur,
969 679 1044 724 ubi
1090 694 1167 724 nec
1210 682 1328 736 prius
1376 683 1598 737 quisquam
1647 685 1746 726 ante

234 750 562 805 Lanqrehrium
592 763 669 794 nec
698 762 776 793 nos
806 750 1062 793 sententiam
1092 750 1212 793 hiare
1242 751 1466 808 sensimus.

349 819 460 862 Nam
489 831 619 872 quum
659 830 807 861 servus
846 818 1111 871 aliquantum
1152 820 1356 873 temporis
1400 820 1746 874 consideraverit,

235 901 319 942 quo
348 888 475 939 modo
508 887 762 942 Apoecidem
804 887 857 930 de
887 887 1031 941 puella
1060 888 1337 943 supponenda
1367 888 1565 944 decipiat,
1605 887 1746 932 subito

235 956 411 1000 clamat:
453 956 515 1010 ‚Id
546 968 713 1010 quoque
752 955 887 998 habeo
900 955 922 997 1‘
965 954 1159 999 fidicinae
1199 958 1443 1010 recordans,
1484 970 1608 1011 quam
1649 970 1746 1002 con-

235 1025 390 1069 ducere
419 1038 542 1068 mane
572 1038 598 1068 a
616 1025 856 1079 Periphane
886 1025 1030 1067 iussus
1061 1029 1140 1078 est,
1172 1033 1221 1068 ut
1250 1038 1340 1069 rem
1371 1026 1556 1069 divinam
1576 1026 1747 1070 facienti

234 1093 348 1137 domi
389 1097 595 1138 cantaret.
668 1093 746 1145 ,Ea
786 1092 1048 1136 conducetur
1088 1097 1216 1147 atque
1254 1095 1292 1136 ei
1334 1093 1747 1149 praemonstrabitur

234 1175 270 1205 e.
302 1175 342 1215 q.
374 1166 423 1205 s.‘
455 1175 640 1216 pergens
678 1174 725 1205 se
756 1162 903 1205 eadem
935 1162 1008 1204 illa
1037 1161 1208 1206 fidicina
1246 1163 1300 1206 ad
1340 1163 1531 1216 fraudem
1570 1176 1747 1207 usurum

233 1243 330 1275 esse
369 1231 556 1283 indicat,
590 1243 727 1285 neque
775 1229 1060 1283 intellegimus
1102 1231 1256 1282 hercle,
1304 1231 1406 1285 quid
1445 1231 1746 1287 Lanyrelwius

234 1301 316 1343 sibi
356 1301 462 1343 velit
501 1301 646 1343 dicens
698 1300 779 1351 ‚his
819 1299 1014 1342 versibus
1060 1301 1325 1353 (314—316)
1372 1300 1423 1342 de
1469 1301 1745 1343 conductione

232 1380 413 1422 prorsus
444 1365 582 1411 aliena
611 1380 751 1411 sermo
788 1370 856 1411 est
886 1369 980 1411 etc.‘
1041 1368 1303 1423 Periphanes
1334 1368 1508 1421 scilicet,
1550 1369 1622 1423 qui
1652 1368 1745 1411 fidi-

233 1428 373 1480 cinam
404 1437 583 1481 conduci
614 1438 743 1480 iussit
774 1462 827 1467 —
858 1450 995 1490 neque
1026 1437 1209 1480 interest
1247 1437 1373 1480 huius
1404 1438 1593 1481 mandati
1623 1439 1745 1491 p‘rae-

232 1510 354 1549 terea
373 1506 490 1549 nullo
511 1506 604 1549 loco
636 1506 894 1549 mentionem
915 1505 1008 1548 fieri
1030 1530 1086 1536 —-
1107 1519 1191 1548 non
1211 1506 1353 1560 potuit
1373 1519 1497 1550 servo
1519 1507 1742 1560 imperare,

232 1578 281 1617 ut
309 1575 496 1628 aliquam
527 1574 798 1626 conduceret,
837 1586 946 1627 quae
982 1577 1167 1626 emptam
1205 1586 1250 1616 se
1282 1574 1504 1616 simularet
1539 1587 1744 1628 senesque

231 1641 545 1686 ludificaretur:
587 1655 670 1696 quo
707 1642 839 1695 igitur
880 1642 973 1684 iure
1012 1641 1289 1695 postulemus,
1332 1645 1380 1684 ut
1408 1641 1604 1685 versibus
1646 1643 1743 1695 illis,

231 1711 384 1765 quibus
426 1711 532 1753 nihil
572 1711 655 1754 nisi
695 1722 858 1753 merum
899 1711 1014 1753 senis
1054 1710 1300 1764 mandatum
1340 1710 1539 1765 refertur,
1585 1711 1743 1765 aliquid

231 1780 398 1824 consilii
427 1780 524 1823 inde
560 1779 731 1822 fluentis
761 1779 996 1822 admixtum
1025 1779 1110 1822 sit?
1154 1779 1287 1822 Immo
1319 1779 1620 1834 integerrimus
1650 1780 1743 1822 uni-

230 1861 379 1892 versus
410 1849 530 1892 locus
560 1848 730 1891 videtur
758 1848 821 1891 ita
850 1848 1034 1902 quidem,
1067 1852 1115 1890 ut
1144 1849 1287 1903 priore
1328 1852 1452 1903 parte
1482 1862 1520 1890 v.
1545 1852 1742 1891 314—16

227 1929 312 1960 non
342 1917 564 1960 consilium
595 1917 649 1959 ab
679 1917 930 1970 insequente
961 1918 1227 1971 (317--318)
1269 1918 1393 1972 plane
1424 1917 1639 1960 diversum
1669 1921 1745 1960 aut

227 1986 402 2028 omnino
431 1998 517 2039 per
540 1996 587 2028 se
617 1985 801 2028 solidum
831 1985 1057 2037 indicetur,
1089 1985 1166 2029 sed
1196 1990 1411 2039 tamquam
1442 1998 1549 2028 ansa
1578 1985 1743 2029 fraudis

227 2054 516 2105 instituendae
546 2066 573 2096 a
603 2066 726 2096 servo
757 2052 1031 2106 significetur.
1092 2055 1160 2097 lta
1189 2067 1318 2108 quum
1349 2054 1620 2108 insequentes
1650 2067 1744 2097 ver-

227 2137 301 2167 sus
331 2125 429 2176 371,
462 2126 544 2165 375
583 2135 610 2164 a
638 2122 783 2176 priore
817 2122 910 2164 loco
950 2125 1147 2164 314—18
1187 2122 1433 2176 neutiquam
1470 2121 1742 2176 abhorreant,

156 2186 162 2189 ’
226 2193 445 2247 hucusque
488 2189 664 2234 dubium
693 2203 777 2233 non
811 2193 890 2242 est,
931 2190 1032 2244 quin
1063 2203 1212 2244 servus
1243 2190 1456 2236 fidicinam
1495 2190 1550 2233 ad
1578 2190 1743 2235 fraudis

226 2262 476 2311 societatem
497 2260 713 2303 asciturus
743 2260 819 2311 sit;
851 2272 987 2313 neque
1009 2272 1109 2303 vero
1131 2273 1258 2303 causa
1278 2263 1358 2313 est,
1381 2272 1457 2302 cur
1478 2272 1572 2302 eum
1593 2263 1743 2314 postea

225 2330 304 2374 hoc
334 2343 418 2374 non
439 2328 629 2373 effecisse
658 2331 869 2382 putemus,
908 2328 1022 2382 quod
1040 2328 1343 2384 Lanqrehrins
1373 2329 1635 2382 argumentis
1666 2329 1741 2372 ad-

230 2398 402 2441 modum
431 2398 598 2440 levibus
628 2400 868 2439 monstrare
898 2397 1044 2439 voluit.
1286 2400 1309 2434 .“

290 2510 293 2513 ,
340 2467 463 2519 Quod
484 2466 597 2510 enim
617 2465 844 2520 Apoecidis
865 2466 1111 2509 narratione
1131 2478 1168 2508 v.
1191 2468 1276 2508 410
1297 2477 1387 2520 sqq.
1419 2465 1474 2509 ad
1503 2478 1593 2509 rem
1626 2466 1741 2509 evin-

226 2536 401 2579 cendam
434 2547 539 2578 usus
570 2538 653 2587 cst,
683 2534 798 2588 quid,
830 2546 1099 2588 quaesumus,
1131 2534 1212 2576 hac
1232 2534 1275 2576 in
1296 2546 1344 2576 re
1364 2535 1590 2588 Apoecidis
1610 2534 1742 2577 verba

225 2606 395 2649 valent?
427 2604 778 2658 Simplicissimus
808 2602 1001 2657 profecto
1031 2606 1076 2646 et
1105 2602 1396 2657 ineptissimus
1432 2602 1556 2646 homo
1588 2602 1742 2647 fuisset

224 2673 444 2727 Epidicus,
475 2673 513 2714 si
534 2684 678 2716 coram
708 2671 904 2715 adiutore
926 2672 1026 2715 dato
1046 2671 1259 2725 fidicinam
1278 2672 1481 2714 astutiam
1502 2672 1741 2730 docuisset!

224 2741 358 2789 Immo
378 2741 460 2784 hoc
479 2741 563 2784 iam
582 2744 802 2796 patratum
823 2741 881 2784 sit
901 2752 1074 2784 necesse
1095 2743 1174 2796 est,
1197 2740 1442 2795 priusquam
1464 2739 1536 2783 ille
1556 2739 1741 2795 puellam
