2052 3172
986 164 1036 203 21

259 300 395 353 abest,
427 303 475 343 ut
505 300 644 343 omnia
674 311 724 343 ea
751 298 971 354 propalam
1001 301 1195 353 spectare
1225 298 1454 352 cupiamus,
1486 310 1593 354 quae
1622 299 1761 343 Hein-

260 369 444 425 hardtus
464 367 547 411 fine
568 368 790 411 decurtato
811 368 1025 411 interiisse
1046 371 1202 418 censet,
1224 370 1272 410 ut
1290 371 1460 421 poetam
1479 368 1765 412 Romanorum

186 433 189 437 ’
260 439 410 481 animis
456 438 648 480 consulto
695 437 954 480 commisisse
1009 436 1242 478 iudicemus
1298 439 1537 479 ceterorum
1581 437 1670 480 fata
1709 439 1762 480 ad

258 501 483 549 arbitrium
505 506 585 549 sibi
602 519 820 558 exornare,
850 506 1116 562 quippequae
1136 508 1180 547 et
1200 507 1326 547 antea
1345 503 1598 548 adumbrata
1615 506 1761 560 sint21)

258 578 301 617 et
320 574 497 628 Epidico
529 578 699 617 servato
720 572 1011 628 spectantibus
1033 572 1186 614 viliora
1205 576 1321 615 certe
1339 573 1444 625 visa,
1477 586 1603 629 quam
1619 574 1757 616 Reiu-

256 643 438 698 hardtus
468 641 551 686 sibi
580 643 804 697 persuasit.
866 643 1063 686 Ceterum
1098 641 1192 695 ipse
1229 645 1393 685 rectum
1429 642 1643 686 divinatus
1681 648 1759 698 est,

257 725 386 768 quum
423 713 753 765 amputationem
800 713 876 767 (sit
910 711 1035 754 venia
1063 711 1192 753 verbo
1203 711 1244 764 !),
1291 723 1418 766 quam
1445 712 1549 762 vult,
1594 711 1762 755 fabulae

254 781 352 824 inde
383 780 538 824 factam
558 793 653 824 esse
682 783 818 835 putat,
850 779 962 834 quod
992 781 1231 832 spectantes
1251 778 1339 822 filia
1368 779 1551 832 inventa,
1583 780 1760 835 Epidico

254 849 512 892 manumisso
544 849 712 892 theatro
751 849 944 902 exierint,
981 848 1168 890 solutum
1203 848 1365 890 scilicet
1396 847 1567 892 fabulae
1603 849 1761 892 nodum

254 918 544 961 existimantes
584 917 838 972 ingenioque
876 916 1050 970 proprio
1091 919 1234 958 cetera
1274 917 1504 969 explentes,
1551 918 1759 972 quomodo

253 986 332 1030 hoc
373 986 502 1029 etiam
542 998 652 1029 nunc
691 986 734 1028 in
775 985 956 1029 theatris
997 982 1253 1027 suburbanis
1293 983 1386 1027 fieri
1416 985 1564 1029 soleat.
1625 985 1760 1037 Quam

254 1055 510 1096 sententiam
530 1066 607 1096 nos
628 1054 690 1096 ita
718 1052 959 1107 probamus,
992 1056 1041 1094 ut
1060 1065 1144 1095 non
1166 1053 1218 1094 de
1247 1056 1532 1096 retractatore
1560 1053 1759 1098 fabellam

254 1126 499 1176 amputante
537 1123 782 1176 cogitemus,
828 1121 901 1164 ubi
938 1125 1108 1175 poetam
1145 1124 1315 1163 cautum
1351 1122 1493 1175 ipsum
1529 1122 1759 1173 Quiritium

253 1203 414 1232 morem
444 1203 573 1246 quum
602 1191 772 1233 novisse
801 1194 891 1232 tum
921 1189 973 1232 ab
1006 1190 1127 1231 initio
1158 1189 1397 1243 respexisse
1428 1194 1758 1233 consentaneum

253 1262 330 1301 est.
347 1260 400 1313 22)

366 1328 427 1370 Ac
458 1327 494 1370 si
525 1327 568 1368 in
600 1327 789 1381 singulas
811 1327 933 1383 quasi
964 1326 1087 1369 sedes
1105 1326 1437 1380 retractationis,
1470 1339 1597 1383 quam
1617 1328 1756 1382 suspi-

253 1399 414 1448 cantur,
446 1396 712 1452 inquirimus,
733 1396 916 1450 primum
933 1395 1196 1437 Reiuhardti
1214 1395 1455 1449 opinionem
1473 1396 1757 1450 ponderemus

252 1465 304 1508 de
333 1478 371 1507 v.
395 1464 554 1521 5sqq.
591 1465 634 1507 in
664 1478 760 1507 nov.
800 1478 894 1507 ann.
932 1469 1006 1507 111
1046 1476 1141 1518 pag.
1168 1468 1244 1506 199
1277 1476 1367 1519 sqq.
1408 1465 1599 1507 relatam.
1660 1465 1756 1508 Non

252 1533 483 1576 infitiamur
524 1533 722 1576 videlicet
763 1534 806 1576 in
846 1533 1002 1587 duplici
1041 1532 1114 1575 illo
1155 1545 1349 1575 sermone
1393 1533 1445 1575 de
1482 1533 1756 1587 Thesprionis

254 1602 495 1644 valetudine
526 1603 580 1656 (v.
605 1603 631 1644 9
663 1614 754 1657 sqq.
788 1605 832 1644 et
867 1606 915 1644 17
957 1600 1067 1657 sqq.)
1099 1601 1358 1644 strictiorem
1392 1601 1575 1644 fortasse
1606 1596 1755 1645 dictio-

251 1682 346 1712 nem
388 1669 710 1723 praeferendam
752 1683 863 1713 esse:
911 1682 1165 1725 quamquam
1208 1668 1427 1722 habemus,
1473 1682 1556 1725 quo
1601 1674 1754 1723 poetae

250 1737 395 1792 partes
426 1742 626 1781 tutemur.
688 1738 808 1790 Quod
845 1738 956 1781 enim
985 1738 1187 1792 Epidicus
1217 1738 1399 1791 primum
1432 1738 1673 1792 >generatim
1702 1739 1755 1782 de

252 1808 444 1849 conservi
475 1808 714 1849 valetudine
745 1808 924 1861 quaerit,
956 1811 1004 1848 ut
1039 1807 1180 1849 valeat
1211 1831 1261 1837 -
1296 1806 1402 1858 ,Wie
1423 1807 1560 1860 geht's
1579 1807 1659 1849 mit
1678 1807 1754 1849 der

252 1875 554 1918 Gesundheit‘?‘
584 1900 652 1929 —,
695 1875 845 1918 deinde
875 1887 1003 1929 quum
1032 1875 1103 1917 ille
1134 1887 1179 1917 se
1213 1875 1353 1917 valere
1383 1875 1629 1931 salvumque
1659 1887 1754 1918 esse

251 1944 370 1987 obesi
408 1945 596 1998 corporis
638 1943 787 1986 habitu
825 1944 1037 1986 nonnullis
1077 1943 1182 1986 iocis
1224 1942 1475 1986 scurrilibus
1514 1944 1752 1986 interiectis

250 2016 433 2055 testatus
464 2014 532 2065 sit,
545 2013 598 2067 23)
629 2025 729 2055 num
747 2016 953 2066 perpetuo
975 2012 1156 2054 valuerit
1176 2012 1348 2066 rogitat,
1380 2011 1533 2054 dubios
1553 2012 1751 2055 nimirum

250 2079 352 2123 belli
380 2080 489 2122 finiti
520 2093 641 2123 casus
672 2081 917 2133 respiciens,
949 2081 1062 2136 quod
1082 2080 1194 2122 idem
1223 2093 1408 2123 annuere
1438 2080 1644 2133 Thesprio
1675 2081 1751 2123 du-

249 2147 377 2200 bitat3
416 2148 509 2201 ipsa
538 2148 616 2191 hac
654 2152 697 2191 et
725 2148 892 2202 Epidici
937 2149 1235 2204 quaestionum
1272 2152 1315 2190 et
1350 2148 1540 2191 conservi
1574 2160 1750 2202 respon-

249 2229 393 2258 sorum
432 2217 639 2260 varietate
686 2218 792 2260 satis
831 2218 1035 2271 praesidii
1079 2217 1207 2260 habet
1245 2220 1384 2270 poeta,
1433 2221 1482 2259 ut
1520 2230 1656 2273 neque
1697 2219 1750 2261 ob

248 2284 470 2327 molestam
490 2286 726 2329 sententiae
746 2286 1044 2340 repetitionem
1064 2284 1325 2341 obiurgetur,
1356 2297 1491 2341 neque
1510 2285 1751 2340 posteriore

247 2355 552 2397 retractatione
588 2355 874 2398 defendendus
910 2356 979 2397 sit.
1017 2380 1072 2386 —
1112 2356 1203 2397 Iam
1242 2356 1355 2410 quod
1398 2354 1529 2397 verba
1565 2368 1603 2397 v.
1629 2359 1652 2396 7
1693 2356 1750 2406 ‚di

249 2421 363 2476 dent,
395 2434 503 2478 quae
531 2423 653 2466 velis‘
700 2427 743 2467 et
772 2436 881 2480 quae
916 2426 1153 2479 sequuntur
1182 2437 1219 2466 v.
1248 2427 1297 2466 13
1329 2423 1387 2476 ,di
1415 2423 1675 2466 immortales
1707 2427 1751 2467 te

247 2490 476 2534 infelicent‘
518 2492 631 2534 inter
672 2505 718 2535 se
749 2493 991 2546 discrepare
1021 2493 1232 2545 videntur,
1288 2493 1395 2535 hanc
1424 2493 1750 2536 haesitationem

248 2571 271 2601 e
299 2559 437 2602 medio
467 2560 668 2614 tollimus,
700 2573 828 2616 quum
857 2560 989 2604 verba
1018 2561 1092 2608 illa

524 2629 600 2671 Th.
635 2630 776 2673 Salve!
838 2630 923 2685 Ep.
956 2631 1012 2672 Di
1042 2631 1155 2682 dent,
1189 2642 1297 2686 quae
1326 2631 1444 2673 velis.

519 2698 676 2742 Venire
707 2699 867 2742 salvom
896 2699 1059 2753 gaudeo
1091 2732 1453 2742 .............

248 2765 352 2807 nihil
393 2778 519 2820 quam
555 2767 854 2811 salutationem
888 2772 1077 2811 mutuam
1121 2768 1484 2822 congredientium
1519 2770 1748 2824 continere,
