2052 3172
975 157 1028 196 35

247 293 608 350 perstringantur,
638 291 797 335 morosi
828 291 943 336 senis
972 290 1204 334 conditioni
1224 290 1304 334 hoc
1332 291 1466 334 multo
1486 292 1622 346 magis
1652 304 1751 336 con-

248 351 394 407 venire
424 373 550 415 quam
579 360 691 403 servi
722 360 817 414 quis
846 364 926 413 est,
955 360 1029 414 qui
1053 364 1194 413 neget,
1225 372 1477 414 quamquam
1505 361 1618 404 hunc
1637 362 1752 405 illius

248 429 425 475 auribus
454 428 617 473 fraudis
646 440 776 472 causa
810 428 973 472 servire
1008 440 1092 471 non
1122 428 1394 482 ignoramus?
1453 429 1576 481 Quod
1610 434 1753 475 autem

248 499 476 553 Periphani
494 500 633 542 locum
662 499 852 541 tribuere
871 498 1080 540 malumus
1109 510 1236 551 quam
1257 498 1470 551 Apoecidi,
1502 512 1586 542 non
1616 501 1753 543 solum

248 570 454 613 librorum
482 566 566 612 fide
595 566 856 621 adducimur,
887 566 964 610 sed
993 566 1122 610 etiam
1151 566 1265 609 illius
1287 567 1527 612 conditione
1558 581 1582 611 e
1610 568 1752 612 fabula

248 637 485 692 perspicua,
506 636 704 690 quoniam
724 635 985 689 Periphanes
1005 634 1170 686 viduus,
1192 635 1260 678 cui
1279 629 1454 689 insuper
1472 638 1754 691 Acropolistis

248 705 520 750 meretricula
547 717 626 759 pro
655 703 743 747 filia
771 703 884 747 domi
923 706 1002 757 est,
1040 701 1291 746 muliebrem
1326 704 1486 747 cultum
1522 710 1566 748 et
1594 710 1752 750 matro-

249 787 399 820 narum
428 778 473 818 et
500 774 771 817 meretricum
807 773 913 816 satis
952 785 1163 827 superque
1200 773 1415 827 cognitum
1451 774 1660 831 habuerit,
1701 777 1753 820 de

251 845 461 900 Apoecide
491 847 640 887 contra
668 843 774 886 nihil
804 846 967 886 certum
997 846 1175 885 constat.
1434 856 1438 860 ⁴

363 914 624 967 Quamquam
664 925 793 955 unum
832 911 1045 955 offendere
1082 925 1203 955 nemo
1243 925 1325 955 non
1363 913 1525 957 videat:
1567 914 1612 958 Si
1642 916 1754 959 enim

249 983 529 1038 Periphanem
557 995 595 1025 v.
620 984 702 1024 225
733 993 868 1035 usque
898 980 952 1023 ad
971 994 1010 1023 v.
1033 984 1116 1023 234
1147 981 1262 1023 nulla
1291 994 1315 1024 e
1344 994 1622 1035 personarum
1653 985 1754 1027 vici-

249 1053 330 1097 bus
359 1050 552 1106 profecta
577 1062 697 1093 mora
715 1049 941 1092 interiecta
967 1049 1209 1103 loquentem
1228 1049 1420 1102 facimus,
1448 1053 1755 1096 sententiarum

250 1122 356 1167 ordo
387 1120 614 1164 claudicat:
652 1130 749 1161 nam
780 1131 816 1161 v.
841 1121 922 1162 229
945 1131 1034 1172 sqq.
1076 1118 1112 1161 si
1143 1119 1205 1161 ita
1233 1119 1444 1172 leguntur,
1482 1124 1532 1164 ut
1559 1122 1602 1164 in
1631 1122 1754 1166 libris

253 1203 365 1234 nunc
395 1187 662 1240 exhibentur,
694 1200 777 1230 una
796 1200 890 1230 cum
909 1186 1256 1230 antecedentibus
1275 1191 1522 1232 v.227-28
1543 1192 1760 1235 commode

250 1260 304 1304 ab
335 1259 484 1304 eodem
523 1258 608 1302 dici
637 1258 707 1300 vix
735 1260 929 1311 possunt.
988 1257 1119 1310 Atqui
1158 1257 1318 1300 literati
1358 1257 1549 1303 homines
1588 1261 1673 1304 iam
1712 1263 1754 1305 in

249 1332 351 1372 nota
378 1326 629 1381 Periphanis
668 1338 705 1369 v.
728 1329 810 1369 225
841 1325 1124 1368 haesitavere:
1166 1325 1267 1379 quid
1307 1326 1474 1381 mirum,
1516 1329 1553 1371 si
1590 1330 1641 1382 ei,
1682 1331 1755 1385 qui

250 1398 345 1440 illos
385 1408 535 1439 versus
576 1397 775 1453 225—28
816 1394 994 1447 Epidico
1036 1394 1102 1448 (ut
1141 1393 1328 1435 Bothius
1367 1398 1412 1437 et
1449 1395 1648 1452 Rostius)
1689 1400 1754 1442 vel

252 1465 454 1520 Apoecidi
485 1465 551 1520 (ut
578 1461 800 1517 Goetxius)
830 1462 1050 1514 dederant,
1082 1461 1149 1505 hic
1169 1462 1324 1506 iterum
1342 1476 1621 1518 personarum
1641 1467 1755 1510 vices

251 1534 535 1578 admittendas
556 1532 809 1576 censebant?
839 1531 1027 1582 Quorum
1047 1532 1297 1586 rectissime,
1319 1536 1368 1575 ut
1383 1534 1547 1587 opinor,
1568 1535 1756 1578 Botkius

250 1604 306 1647 ad
334 1602 616 1656 Periphanem
646 1613 692 1643 se
723 1600 933 1643 convertit
964 1624 1015 1630 —
1049 1612 1302 1654 quamquam
1331 1602 1588 1657 emendatio,
1630 1616 1756 1658 quam

250 1664 486 1726 proposuit,
504 1683 569 1713 -ex
598 1669 765 1713 ratione
795 1669 993 1711 instituta
1022 1669 1077 1723 (v,
1094 1672 1293 1712 225—28
1314 1670 1491 1724 Epidico
1521 1671 1756 1728 tribuente)

252 1751 566 1793 supervacanea
596 1738 655 1781 sit
676 1762 727 1768 —
758 1749 897 1791 neque
920 1736 1130 1779 audienda
1159 1741 1260 1779 sunt
1275 1737 1479 1792 Wayneri
1506 1739 1758 1784 confidentia

253 1808 384 1852 verba
424 1808 468 1862 (l.
491 1820 524 1849 s.
548 1819 581 1849 s.
613 1819 653 1860 p.
678 1806 770 1859 34):
818 1804 1019 1858 ,Bothius
1059 1805 1174 1859 ,quid
1213 1806 1286 1848 ita‘
1330 1807 1503 1860 scripsit
1543 1813 1587 1851 et
1627 1809 1758 1853 verba

252 1876 480 1931 Periphani
509 1873 721 1931 attribuit,
751 1888 860 1930 quae
878 1873 992 1916 ratio
1011 1874 1272 1916 emendandi
1288 1888 1380 1917 mm
1393 1879 1536 1931 potest
1546 1878 1757 1933 probari}

252 1947 317 1989 Ne
345 1945 498 1988 multa:
529 1943 687 1986 habere
716 1942 839 1987 nobis
868 1943 1073 1994 videmur,
1104 1955 1186 1996 quo
1207 1943 1317 1985 viam
1346 1945 1510 1988 munire
1539 1958 1754 1999 queamus.

252 2015 332 2059 Est
363 2013 474 2057 enim
505 2011 692 2055 universi
722 2011 803 2055 loci
833 2025 870 2066 v.
896 2014 1122 2055 223—236
1165 2015 1288 2055 tenor
1326 2026 1405 2066 per
1434 2026 1480 2057 se
1512 2015 1617 2059 satis
1647 2016 1756 2059 dilu-

252 2082 390 2125 cidus:
422 2081 503 2134 ,Du
523 2079 744 2134 riimpfest,
774 2080 836 2122 ait
855 2080 1040 2134 Periph.,
1072 2080 1139 2137 die
1159 2080 1273 2122 Nase
1302 2079 1409 2122 iiber
1437 2081 1514 2124 das
1534 2082 1755 2136 Hofkleid3

252 2151 339 2194 und
369 2150 478 2194 doch
508 2150 566 2193 ist
595 2149 729 2192 daran
758 2149 898 2192 nichts
929 2147 1182 2192 sonderbar:
1215 2161 1368 2202 sorgen
1384 2150 1431 2203 ja
1449 2150 1558 2194 doch
1576 2154 1756 2205 gewisse

253 2219 431 2262 Manner
459 2216 596 2271 dafiir,
633 2217 734 2260 dass
770 2217 887 2260 diese
917 2217 1078 2260 Dirnen
1113 2217 1204 2259 sich
1232 2218 1311 2260 mit
1339 2218 1548 2262 Schmuck
1577 2219 1757 2264 beladen

253 2288 433 2340 konnen,
482 2286 560 2330 der
599 2299 732 2340 ganze
772 2285 1070 2329 Grundstiicke
1109 2285 1387 2341 verschlingt3
1430 2287 1490 2340 Ja,
1525 2300 1624 2343 mag
1658 2302 1757 2332 man

254 2356 388 2400 selbst
423 2355 518 2398 dem
558 2354 682 2397 Staat
717 2354 787 2397 die
827 2355 980 2398 Steuer
1023 2354 1217 2408 schuldig
1251 2353 1420 2398 bleiben
1459 2380 1512 2386 —
1554 2355 1623 2399 fiir
1657 2357 1757 2411 jene

253 2426 330 2469 hat
370 2437 469 2467 man
512 2424 661 2467 immer
691 2423 811 2467 Geld.
871 2424 971 2467 Man
1015 2424 1116 2467 sehe
1160 2436 1242 2467 nur
1287 2424 1362 2468 das
1393 2425 1573 2469 Treiben
1617 2426 1758 2471 dieses

254 2485 413 2538 Volkes
443 2506 515 2537 an:
556 2493 612 2536 da
645 2494 833 2548 mangelt
861 2494 1014 2545 nichts,
1056 2494 1166 2536 denn
1205 2494 1539 2548 unerschopflich
1580 2496 1674 2538 ist's
1715 2497 1758 2539 in

255 2564 416 2608 seinem
436 2563 565 2607 Putz!
595 2588 632 2594 ·-
664 2588 718 2594 —-
739 2563 806 2617 Ja,
825 2563 884 2617 ja,
916 2563 986 2607 die
1005 2562 1333 2606 Kleidermoden
1353 2561 1533 2619 bringen
1553 2565 1759 2609 munchen

255 2633 383 2677 Mann
413 2645 486 2676 um
514 2632 633 2675 Haus
663 2632 750 2675 und
779 2631 892 2675 Hof.‘
952 2632 1001 2674 In
1031 2644 1114 2674 uno
1144 2644 1182 2674 v.
1205 2634 1288 2674 229
1319 2632 1619 2676 transitionem
1648 2634 1760 2677 desi-

257 2702 475 2745 deramus:
506 2712 590 2754 qua
619 2712 666 2744 re
695 2700 778 2743 nisi
807 2701 960 2744 lacuna
978 2700 1202 2753 indicatur,
1233 2700 1287 2748 de
1315 2701 1528 2753 particula
1547 2706 1616 2745 est
1647 2703 1761 2757 cogi-

256 2771 434 2814 tandum
463 2771 711 2813 contextum
736 2769 1003 2823 restituente,
1044 2771 1088 2811 et
1117 2769 1278 2822 ,vestei‘
1309 2781 1412 2813 voce
1442 2774 1608 2814 remota
1636 2772 1762 2825 (quae

1625 2862 1664 2888 3ss
