2052 3172
936 171 989 213 65

151 300 154 303 ⁴
187 311 364 360 ‘Epidico
387 318 460 344 non
489 307 616 343 ductos
645 307 812 343 lenonem
845 305 1082 352 quaesivisse,
1115 306 1179 342 sed
1208 317 1280 342 non
1302 303 1495 352 invenisse,
1527 305 1622 352 quod
1646 303 1716 352 ipsi

211 379 278 408 nec
300 367 445 404 domum
467 374 535 400 nec
557 363 737 400 hominem
757 367 962 401 noverant?
984 384 1031 389 ——
1053 364 1106 400 Ut
1119 363 1325 408 quaestioni
1337 363 1480 399 modum
1492 367 1716 400 statuamus:

211 415 419 464 stolidiores
442 431 529 458 vero
556 431 726 465 essemuS,
756 420 789 457 si
813 421 1043 467 opinaremur
1074 420 1304 457 adversarios
1333 420 1406 456 iam
1436 422 1600 466 repulsos
1625 431 1716 465 esse,

212 483 286 530 qui,
322 491 433 517 unum
456 483 500 515 ut
532 479 694 524 afferam,
725 478 852 515 dicant
881 489 1092 524 perversum
1125 489 1204 514 esse
1237 489 1282 514 ex
1313 489 1368 522 ea,
1404 488 1498 523 quae
1527 489 1624 514 nunc
1649 482 1717 522 est,

211 539 360 577 fabulae
384 536 591 574 conditione
616 536 779 573 conicere
792 536 900 582 velle,
924 547 1010 573 num
1033 536 1103 572 hae
1116 536 1176 572 vel
1200 536 1288 572 illae
1306 546 1482 581 personae
1501 545 1717 581 suppressae

211 606 343 634 scenae
380 593 629 643 convenerint.
681 594 736 630 Ne
773 606 839 631 nos
877 595 1022 640 quidem
1058 594 1318 639 dubitaremus,
1355 594 1388 630 si
1410 595 1532 631 omnia
1566 595 1718 631 consilia

212 653 405 699 frigerent,
430 652 478 688 ad
502 651 763 688 auctoritatem
786 652 930 688 illorum
954 651 1173 698 confugere3
1203 651 1269 687 sed
1291 662 1403 696 quum
1432 651 1547 688 liceat
1568 662 1613 688 ex
1638 653 1718 699 ipsa

212 710 339 747 fabula
350 713 568 755 argument-a
586 709 810 746 sumentibus
830 709 974 745 ratione
989 709 1180 745 admodum
1198 708 1355 754 simplici
1373 709 1581 746 universum
1600 711 1717 747 locum

212 767 394 813 expedire,
418 778 492 803 non
516 770 584 812 est,
619 778 682 802 cur
705 766 868 803 fabulam
898 766 954 803 ita
976 767 1238 812 interpolatam
1268 770 1306 801 et
1331 767 1515 802 turbatam
1544 767 1716 813 dicamus,

212 828 257 872 ut
287 819 456 871 integrae
486 834 617 861 scenae
649 824 819 861 sublatae
849 834 895 860 ne
925 823 1131 870 suspicione
1163 823 1309 869 quidem
1339 823 1487 860 restitui
1516 824 1657 870 possint
1681 830 1719 861 et

212 893 330 930 paene
353 883 552 920 verendum
577 882 629 918 sit
651 881 803 927 Epidico
828 881 956 917 Plauti
978 891 1108 917 nomen
1131 881 1340 917 inscribere.

305 986 363 1033 16)
388 985 520 1022 Merito
540 985 635 1022 enim
645 985 690 1021 L.
705 984 865 1031 flagitat,
889 988 932 1021 ut
953 984 1126 1021 eiusmodi
1147 984 1377 1020 consiliorum
1396 986 1552 1021 mutatio
1572 998 1596 1022 a
1608 991 1719 1032 poeta

213 1044 336 1090 aliquo
360 1043 463 1079 modo
495 1042 695 1087 indicetur3
733 1042 888 1077 alteram
921 1053 1078 1087 causam,
1116 1053 1224 1087 quam
1253 1041 1400 1078 maioris
1432 1038 1605 1078 momenti
1639 1054 1718 1079 esse

213 1105 333 1148 putat,
359 1111 404 1137 ex
428 1100 492 1146 eis,
519 1110 612 1145 quae
636 1110 747 1145 supra
771 1099 966 1145 posuimus,
991 1100 1145 1145 probare
1164 1110 1236 1135 non
1260 1110 1459 1146 possumus,
1483 1094 1567 1137 nam
1592 1101 1719 1146 ,mixta

213 1160 302 1195 miro
326 1158 429 1194 modo
455 1161 494 1193 et
517 1157 614 1193 inter
635 1167 675 1193 se
700 1151 851 1193 confusa
875 1157 1037 1192 consilia‘
1060 1167 1133 1192 non
1157 1156 1468 1202 deprehendimus.

307 1262 364 1307 17)
391 1262 430 1297 Si
462 1272 585 1310 eorum
622 1260 831 1296 memoriam
867 1260 1078 1306 repetimus,
1124 1270 1217 1305 quae
1250 1260 1451 1306 Apoecides
1492 1261 1537 1297 de
1574 1262 1721 1299 fidicina

214 1319 398 1364 disseruit,
433 1318 648 1364 Periphanis
683 1317 849 1363 quaestio
886 1317 978 1353 mira
1017 1317 1163 1353 videtur
1198 1317 1377 1364 rogantis,
1414 1329 1508 1363 quae
1544 1320 1720 1364 quomodo

213 1377 339 1424 puella
363 1376 460 1425 sciat
483 1386 528 1412 ex
543 1367 737 1421 Apoecidis
762 1374 907 1421 quidem
933 1374 1112 1418 relatione
1139 1374 1309 1421 intellegi
1332 1386 1405 1412 nou
1429 1379 1569 1422 potest3
1595 1388 1719 1422 quam-

214 1446 323 1481 quam
345 1434 439 1470 hanc
464 1443 607 1479 quoque
631 1443 708 1469 rem
730 1433 828 1469 haud
861 1432 934 1468 scio
960 1444 1008 1468 an
1033 1431 1306 1479 elegantissime
1337 1437 1448 1478 poeta
1472 1436 1719 1480 apparaverit.

148 1530 150 1533 ,
213 1488 306 1527 Nam
337 1502 447 1536 quum
478 1500 589 1525 senex
613 1500 636 1525 a
660 1488 777 1525 milite
814 1499 1031 1534 quamquam
1068 1488 1146 1534 ipso
1184 1488 1263 1524 veri
1296 1499 1417 1525 rerum
1452 1493 1573 1527 status
1606 1491 1719 1527 inscio

216 1547 350 1583 certior
373 1547 496 1583 faetus
529 1546 579 1582 sit
602 1545 785 1582 fidicinam
809 1545 1004 1581 adductam
1033 1556 1106 1581 non
1132 1555 1210 1585 esse
1237 1556 1327 1592 eam,
1360 1558 1468 1591 quam
1498 1547 1576 1594 ipse
1601 1559 1718 1585 emen-

215 1604 297 1640 dam
328 1607 534 1648 curaverat,
570 1602 825 1653 stolidissimus
858 1605 967 1644 esset,
1003 1601 1074 1637 nisi
1105 1602 1352 1648 suspicaretur
1385 1614 1463 1639 rem
1492 1604 1590 1640 inter
1619 1605 1719 1641 illam

214 1671 430 1706 servumque
455 1660 683 1704 convenisse3
709 1663 747 1695 et
769 1659 982 1695 recordatus
1006 1660 1153 1695 tandem
1166 1659 1387 1705 Apoecidem
1409 1672 1454 1696 ne
1479 1673 1550 1697 uno
1576 1662 1721 1708 quidem

215 1719 325 1756 verbo
363 1718 582 1765 emptionem
607 1729 629 1754 a
654 1728 692 1753 se
716 1720 904 1764 patratam
939 1717 1086 1762 dixisse,
1122 1718 1187 1753 scd
1222 1718 1267 1754 de
1304 1729 1377 1755 una
1401 1718 1545 1765 Epidici
1583 1721 1723 1756 astutia

215 1778 328 1814 verba
362 1777 505 1822 fecisse,
547 1776 755 1813 universam
794 1775 1036 1821 suspicionem
1073 1776 1117 1810 de
1154 1776 1299 1821 puellae
1336 1777 1418 1812 dolo
1442 1773 1722 1823 ‘Apoecidisque

215 1834 380 1871 socordia
406 1838 566 1870 coortam
588 1833 645 1869 his
668 1832 789 1870 verbis
815 1833 1015 1879 eloquitur:

491 1914 676 1950 Mercatus
700 1917 739 1949 te
764 1913 870 1949 hodie
896 1917 954 1949 est
977 1913 1021 1949 de
1045 1913 1174 1949 lenone
1199 1913 1424 1958 Apoecides?

215 2004 289 2038 qua
312 1993 528 2039 quaestione
554 1996 593 2028 et
615 1992 786 2028 fidicinae
809 2002 981 2038 responso
1005 1995 1087 2028 tota
1113 1992 1214 2028 fraus
1240 1993 1313 2028 cito
1339 1993 1487 2029 corruit.

281 2124 284 2126 v
307 2107 366 2153 18)
390 2107 548 2144 Necesse
572 2107 741 2144 nimirum
765 2110 822 2143 est
844 2107 1038 2152 fidicinam,
1064 2108 1096 2143 si
1120 2107 1263 2152 quidem
1285 2108 1430 2144 nomina
1449 2108 1603 2144 illarnon
1628 2113 1742 2145 com-'

216 2164 324 2210 perit.
348 2164 448 2211 prior
469 2176 555 2211 pars
579 2164 830 2201 altercationis
864 2164 999 2211 fugiat,
1030 2164 1086 2201 ita
1115 2168 1159 2200 ut
1188 2165 1467 2211 Acropolistidis
1501 2166 1721 2203 mentionem

216 2222 251 2258 ν.
264 2221 334 2259 479
357 2222 644 2269 Periphanisque
667 2233 878 2269 responsum
901 2234 973 2259 non
997 2223 1141 2268 audiat,
1166 2233 1283 2268 neque
1303 2223 1522 2269 dubitamus,
1548 2223 1635 2268 quin
1649 2225 1722 2260 arti

216 2278 433 2316 histrioniae
457 2281 558 2316 nullo
581 2281 686 2316 modo
709 2275 893 2327 repugnet
916 2278 1100 2316 fidicinam
1137 2280 1287 2316 aedibus
1326 2280 1495 2316 eductam
1530 2281 1575 2316 ab
1614 2281 1722 2317 initio

216 2336 447 2373 remotiorem
483 2341 583 2374 stare
620 2349 729 2383 quam
763 2341 807 2374 ut
842 2339 954 2375 verba
990 2338 1056 2374 illa
1080 2338 1206 2374 audire
1232 2337 1365 2384 possit3
1403 2347 1496 2383 quae
1521 2342 1724 2383 sequuntur

217 2403 316 2440 vero,
342 2404 405 2430 cur
429 2394 464 2430 ei
487 2398 578 2431 nota
601 2395 668 2431 illa
691 2399 872 2442 putemus,
897 2396 971 2432 iam
994 2395 1289 2442 significavimus.
1336 2395 1471 2431 Contra
1500 2395 1532 2431 si
1566 2395 1722 2441 Stratip-

217 2451 332 2497 poclis
347 2451 635 2497 Periphanisque
658 2452 805 2489 nomina
827 2453 942 2498 novit,
968 2463 1012 2489 ex
1038 2463 1093 2499 ea,
1118 2464 1226 2498 quam
1245 2453 1348 2489 modo
1364 2453 1571 2489 instituturi
1589 2464 1723 2497 sumus,

216 2508 360 2545 ratione
379 2508 468 2545 licet
479 2509 759 2556 Acropolistidis
773 2512 1148 2547 commemorationem
1174 2511 1344 2556 excipiat,
1369 2514 1493 2547 tamen
1507 2511 1592 2546 inde
1604 2522 1724 2556 neque

219 2565 364 2613 colligit
394 2567 497 2603 illam
522 2567 641 2612 ,domi‘
666 2577 746 2604 esse
773 2568 833 2607 (cf.
846 2569 963 2604 v.578
987 2569 1058 2614 ,hic
1086 2569 1160 2604 alia
1177 2568 1337 2611 nullast,‘
1362 2568 1491 2603 deinde
1505 2579 1540 2604 v.
1553 2568 1623 2604 503
1634 2579 1724 2613 sqq.,

200 2621 402 2669 ⁷4⁰0sqq.),
427 2627 471 2660 ut
489 2624 567 2660 seni
585 2624 742 2670 priorem
760 2636 903 2671 quoque
922 2626 1088 2662 fraudem
1107 2626 1214 2672 plane
1235 2626 1377 2672 prodat,
1401 2635 1519 2670 neque
1540 2621 1640 2661 certo
1657 2625 1725 2662 hae

217 2691 258 2717 re
282 2678 487 2726 adducitur,
510 2685 555 2717 nt
577 2692 722 2718 servum
745 2683 908 2720 adiuvet.
930 2703 976 2709 -
1000 2684 1103 2727 Quod
1128 2684 1174 2719 ad
1186 2684 1361 2729 Scaliyeri
1384 2686 1508 2718 annot.
1528 2683 1586 2718 ad.
1608 2694 1643 2719 v.
1658 2683 1727 2719 417

221 2736 341 2782 (4122)
376 2747 437 2772 ex·
453 2739 651 2784 exemplari
680 2740 853 2776 Leidensi
882 2740 1037 2785 petitam
1075 2740 1212 2776 attinet
1243 2742 1290 2786 (v.
1322 2740 1441 2776 Goetz.
1472 2740 1578 2786 Epid.
1610 2741 1726 2786 praef.

219 2804 254 2839 p.
278 2793 392 2839 XXI),
425 2794 557 2840 libere¹
572 2796 732 2834 fatemur
760 2806 828 2833 nos
856 2808 927 2835 non
951 2797 1167 2845 intellegere
1200 2809 1270 2843 quo
1300 2798 1404 2834 modo
1436 2798 1510 2834 dici
1538 2798 1655 2844 possit
1679 2798 1728 2843 ,in

1591 2882 1608 2907 δ
