2052 3172
1035 166 1088 204 27

308 298 510 352 pessime!
570 298 811 342 Artificiosa
840 299 982 353 potius
1021 300 1100 343 hoc
1129 299 1254 350 cavit,
1291 311 1422 355 quum
1458 302 1546 340 tam
1576 298 1812 352 generatim

308 379 404 411 eum
431 367 673 422 loquentem
692 366 867 421 inducit,
900 372 949 410 ut
968 381 1052 412 non
1073 368 1294 411 consilium
1315 367 1494 421 posthac
1511 378 1661 410 rursus
1691 379 1812 421 repe-

307 435 490 479 tendum·
523 435 589 478 vel
629 428 942 490 perficiendum,
987 437 1062 479 sed
1105 436 1380 491 repentinam
1425 435 1725 490 equitationem
1768 439 1814 477 et

307 504 431 548 amici
460 504 626 547 solandi
656 509 700 547 et
727 505 926 558 propriae
955 504 1134 548 fiduciae
1166 504 1466 558 significandae
1504 516 1633 547 causa
1662 516 1812 546 servus

308 572 586 626 proposuisse
624 572 841 615 videatur:
887 573 1099 629 simulque
1137 577 1264 627 poeta
1304 573 1348 614 id
1387 576 1609 615 assecutus
1640 576 1719 624 est,
1764 576 1813 614 ut

308 640 468 694 duplici
497 640 646 684 militis
675 641 887 685 mentione
907 642 1032 685 modo
1062 641 1345 685 adulescentis
1376 639 1499 684 modo
1520 640 1634 684 senis
1664 643 1812 695 partes

307 707 522 751 defensuri
551 708 791 763 expeditam
810 709 974 762 Epidici
995 710 1227 753 vanitatem
1257 709 1378 763 quasi
1398 709 1539 751 vivam
1559 712 1810 762 spectemus,

307 789 391 832 qua
421 777 579 820 eisdem
618 777 812 832 personis
852 790 955 821 usus
994 791 1073 833 pro
1114 782 1308 832 temporo
1355 781 1399 820 et
1439 789 1516 831 pro
1556 789 1604 820 re
1644 776 1814 820 diversa

308 845 484 888 consilia
506 846 688 888 simulet.
722 870 777 876 —
808 846 926 897 Quod
948 847 1199 900 Periphanis
1219 846 1335 888 nulla
1355 846 1513 888 mentio
1532 844 1582 888 fit
1601 844 1813 888 fidicinam

306 917 395 955 tum
425 913 681 966 possidentis
713 913 781 969 (cf.
812 914 912 956 Gx.:
945 914 1052 967 ‚Wic
1082 915 1124 956 in
1155 915 1261 957 aller
1289 914 1405 957 Welt
1442 914 1553 956 kann
1584 913 1695 956 denn
1726 914 1809 956 Str.

306 979 413 1023 iiber
457 981 525 1022 die
571 980 640 1023 fid.
685 981 901 1035 verffigen,
947 982 1017 1024 die
1047 983 1140 1024 Per.
1187 984 1229 1024 in
1276 983 1417 1025 seiner
1457 982 1620 1025 Gewalt
1659 983 1810 1035 hat?‘)‚

307 1061 514 1101 veremur,
546 1062 599 1092 ne
636 1049 841 1092 Goetxius
870 1063 959 1093 rem
990 1051 1212 1105 angustius
1243 1051 1552 1105 interpretatus
1583 1050 1654 1093 sit.
1717 1051 1812 1093 Non

307 1118 417 1160 enim
447 1118 587 1160 orabit
617 1118 736 1161 miles
767 1119 1090 1171 adolescentem,
1121 1123 1170 1161 ut
1201 1119 1267 1161 hic
1298 1119 1482 1172 puellam
1502 1118 1585 1161 sibi
1613 1119 1811 1171 venditet,

307 1187 383 1229 sed
414 1187 627 1228 tramittat
655 1187 681 1228 i.
704 1200 739 1229 e.
772 1188 1003 1239 iiberlasse‚
1036 1186 1216 1238 abtrete,
1255 1188 1401 1230 seinen
1431 1187 1708 1240 Anspriichen
1739 1187 1815 1230 auf

307 1255 370 1297 sie
400 1255 653 1309 entsagel28)
698 1255 807 1306 Quid
829 1256 883 1298 ad
913 1256 992 1298 hoc
1011 1256 1147 1309 patris
1168 1255 1350 1298 arbitrio
1371 1267 1479 1309 opus
1500 1256 1596 1298 est?
1643 1255 1813 1307 ‚Videat

304 1323 438 1376 miles,
470 1324 507 1366 si
538 1324 844 1378 Stratippocles
873 1325 1051 1368 amicam
1081 1325 1162 1379 ipsi
1191 1324 1428 1367 tramiserit
1456 1348 1512 1355 —
1543 1323 1656 1380 quod
1686 1323 1809 1366 initio

308 1391 476 1444 quidem
499 1396 597 1434 ante
617 1392 728 1434 filiae
750 1393 1005 1445 agnitionem
1026 1393 1127 1446 quin
1147 1392 1276 1434 faciat
1296 1393 1483 1434 dubitari
1496 1393 1567 1434 vix
1586 1393 1726 1445 possit
1742 1416 1779 1422 —
1800 1425 1809 1442 ,

306 1471 388 1515 quo
418 1460 542 1503 modo
581 1473 670 1504 rem
707 1473 800 1504 cum
839 1460 1075 1514 Periphane
1115 1461 1347 1515 transigat,
1389 1460 1479 1503 sive
1514 1472 1689 1503 uxorem
1718 1472 1811 1502 eam

307 1527 477 1581 ducens,
519 1531 555 1571 si
586 1531 784 1572 continuo
814 1529 901 1571 filia
929 1533 1116 1583 putetur,
1158 1530 1246 1571 sive
1285 1541 1440 1579 emens,
1483 1529 1520 1571 si
1551 1528 1664 1570 servi
1692 1527 1811 1570 fraus

308 1597 471 1641 interea
502 1598 749 1653 detegatur!
801 1597 864 1641 De
893 1598 1071 1653 pecnnia
1099 1598 1207 1641 hanc
1237 1598 1291 1641 ad
1312 1610 1402 1640 rem
1431 1596 1673 1640 neccssaria
1702 1596 1812 1640 diffi-

307 1666 442 1708 cultas
473 1668 589 1710 nulla
619 1670 798 1720 eveniet,
829 1681 925 1710 nam
946 1668 1017 1709 ille
1048 1668 1193 1720 ‚multo
1215 1680 1319 1710 auro
1340 1668 1506 1721 potens‘
1537 1668 1639 1709 est!‘
1695 1667 1811 1709 Haec

309 1737 384 1777 aut
414 1735 517 1778 talia
547 1740 661 1779 certe
691 1736 893 1791 Epidicus
924 1736 1109 1789 molitur,
1142 1736 1218 1779 sed
1247 1746 1330 1779 non
1360 1736 1644 1790 eloquitur‚²⁹)
1675 1747 1811 1790 neque

307 1806 373 1845 est
402 1816 478 1845 cur
507 1817 657 1847 causas
687 1805 901 1847 iteremus,
933 1829 990 1835 —

421 1872 554 1923 Quam
584 1873 836 1916 sententiam
857 1873 1083 1928 Hasperus
1113 1872 1166 1915 de
1191 1872 1340 1915 lacuna
1369 1876 1468 1926 post
1488 1885 1525 1914 v.
1544 1871 1607 1919 61
1635 1872 1810 1914 Θοείκῑίο

306 1941 399 1983 visa
428 1941 592 1994 profert
622 1943 732 1995 (pag.
761 1945 842 1992 12),
886 1955 935 1984 ea
977 1943 1083 1984 satis
1124 1941 1341 1984 commode
1383 1942 1474 1984 eius
1514 1941 1810 1984 emendatione

305 2008 516 2060 firmatu1·;
547 2010 590 2052 in
620 2010 716 2052 aliis
745 2008 996 2064 quibusdam
1025 2009 1129 2052 locis
1159 2021 1294 2062 nemo,
1337 2010 1409 2063 qui
1440 2009 1704 2052 documentis
1732 2010 1809 2052 ali-

305 2090 429 2131 quam
459 2078 543 2119 vim
573 2079 776 2131 concedit,
808 2091 896 2121 rem
919 2079 1001 2121 iam
1023 2078 1078 2121 ad
1097 2077 1222 2120 finem
1242 2078 1492 2132 productam
1513 2078 1639 2121 dicat.
1687 2078 1810 2130 Quod

304 2146 414 2189 enim
462 2147 666 2189 Goetzius
706 2147 761 2191 ad
790 2160 827 2190 v.
851 2146 1094 2195 135—137
1135 2148 1178 2190 in
1218 2147 1320 2190 edit.
1362 2159 1466 2190 suae
1506 2150 1593 2189 not.
1635 2146 1807 2190 scribit:

305 2215 368 2267 ,V.
398 2218 521 2258 135—
541 2219 615 2258 137
648 2229 674 2258 a
693 2217 843 2259 Plauto
874 2216 1072 2259 videntur
1100 2216 1257 2268 alieni‘‚
1290 2216 1482 2259 dolemus
1502 2216 1625 2259 valde
1652 2215 1809 2259 doctis-

304 2284 457 2327 simum
487 2285 624 2328 virum
655 2298 707 2328 ne
736 2297 820 2328 uno
851 2285 1020 2339 quidem
1040 2284 1170 2328 verbo
1192 2285 1400 2340 opinionis
1421 2297 1571 2329 causas
1591 2284 1807 2340 proferre;

305 2365 400 2395 nam
431 2350 527 2407 quis
565 2357 643 2406 est,
689 2354 760 2408 qui
804 2354 866 2396 ita
909 2354 1099 2396 maculae
1144 2355 1343 2396 insistere
1386 2354 1525 2408 possit
1575 2353 1807 2403 medicinis,

304 2422 445 2475 qualia
482 2423 605 2465 nobis
644 2427 742 2465 tam.
767 2424 902 2466 multa
941 2428 1114 2477 praesto
1155 2427 1265 2477 sunt,
1307 2423 1555 2477 priusquam
1596 2422 1809 2477 glossema

304 2492 568 2534 statuamus?
607 2492 746 2546 Atque
765 2496 814 2534 ut
840 2491 1069 2534 Goetzium
1089 2492 1276 2535 incuriae
1295 2491 1577 2543 absolvamus,
1609 2491 1808 2545 quoniam

305 2560 349 2601 in
380 2559 489 2603 libro
522 2560 707 2603 curando
748 2561 985 2603 sententiae
1021 2560 1193 2603 uberius
1223 2560 1540 2614 persequendae
1575 2560 1695 2603 locus
1726 2572 1808 2602 non

304 2631 409 2680 erat,
431 2628 657 2684 Haspems
677 2632 793 2672 certe
812 2642 902 2672 rem
923 2629 1122 2672 subtilius
1143 2629 1437 2671 demonstrare
1457 2627 1651 2677 debebat,
1683 2641 1807 2683 quam

304 2709 341 2738 v.
363 2695 457 2745 215
479 2709 567 2751 sqq.
601 2702 645 2740 et
680 2711 717 2740 v.
739 2696 835 2745 261
856 2711 945 2752 sqq.
979 2697 1091 2741 fecit.
1153 2697 1263 2748 Quid
1304 2698 1446 2740 enim?
1504 2698 1595 2741 Illis
1632 2698 1675 2740 in
1711 2710 1809 2751 pro-

304 2764 540 2808 scribendis
570 2765 624 2808 ad
660 2765 944 2808 Dxiatzkom's
981 2770 1026 2809 et
1064 2764 1266 2820 Wayneri
1294 2766 1594 2809 auctoritatem
1634 2778 1711 2810 nos
1741 2778 1808 2810 re-
