2052 3172
995 111 1051 151 44

262 259 348 290 non
377 246 518 290 minus
548 244 830 289 cunctationis
858 257 898 289 v.
923 248 1005 289 656
1037 244 1251 289 indicatae
1285 256 1456 288 causam
1484 244 1675 300 positam
1700 257 1774 288 ex-

263 315 515 358 istimamus.
561 313 657 356 Non
687 325 792 369 ergo
821 314 989 367 mirum,
1021 313 1059 357 si
1088 325 1240 357 servus
1259 325 1297 355 v.
1321 316 1400 356 661
1434 314 1496 357 sic
1515 313 1606 357 fere
1634 313 1772 368 loqui-

263 388 354 427 tur:
396 383 484 436 ,Ich
515 382 599 425 will
624 383 736 437 jetzt
763 382 1046 437 hineingehen
1067 383 1164 426 'und
1191 378 1363 436 sorgen,
1401 381 1502 426 dass
1539 381 1611 426 die
1639 382 1774 425 Gaste

263 451 341 494 das
359 450 516 506 Notige
545 450 684 493 bercit
715 449 873 494 finden:
906 451 1030 495 dabei
1060 451 1144 494 will
1166 443 1241 493 'ioli
1269 449 1384 492 dann
1412 449 1520 493 auch
1550 450 1632 494 den
1653 449 1773 494 Stra-

262 520 472 574 tippocles
502 518 729 563 aufklaren
759 514 958 573 dariiber,
990 520 1136 564 welch'
1164 519 1306 563 feinen
1334 518 1441 561 Plan
1469 519 1538 562 ich
1566 518 1774 562 nunmehr

262 587 372 632 habe
390 587 460 645 (cf.
481 601 521 632 v.
540 588 671 643 661).‘
710 588 853 633 Verba
873 589 985 633 enim
1003 589 1078 633 illa
1099 600 1221 644 ,quae
1240 600 1321 644 ogo
1340 587 1441 631 scio‘
1464 587 1519 631 ad
1539 587 1774 642 praeterita

261 658 402 700 minus
432 670 558 711 quam
588 657 642 699 ad
678 656 822 701 futura
857 662 1051 712 spectare
1080 658 1194 701 haud
1229 657 1317 700 scio
1355 669 1409 699 an
1443 668 1566 699 nemo
1603 656 1775 710 ignoret

262 724 331 780 (cf.
363 725 484 768 Pers,
516 725 672 780 IV,6,2
704 725 815 777 Quid
845 726 884 769 ei
914 727 1073 770 nummi
1104 726 1245 770 sciunt
1273 737 1331 769 sc.
1362 724 1528 768 facere?
1575 743 1624 762 =
1663 724 1773 777 Quid

262 795 325 837 eis
354 794 537 837 nummis
567 793 807 837 faciendum
838 796 935 838 est?
965 795 1068 838 Was
1096 795 1234 837 haben
1264 794 1381 836 diese
1400 792 1556 835 Tilaler
1585 805 1638 835 zu
1667 792 1773 835 thun

263 875 320 906 sc.
353 863 453 905 dass
477 857 548 911 ⁴sic
569 861 740 905 fehlen?
800 863 870 907 Sic
891 863 960 906 hic
980 875 1166 918 quoque:
1198 863 1315 914 Quae
1336 874 1414 916 ego
1436 862 1523 905 scio
1553 873 1610 904 sc.
1633 859 1773 903 facere

261 952 318 968 =
348 944 457 986 quae
487 931 590 974 mihi
619 930 813 975 facienda
843 936 956 986 sunt,
989 945 1089 985 ,was
1118 932 1187 976 ich
1216 933 1279 975 als
1300 932 1438 975 meine
1466 928 1641 974 nachste
1671 928 1773 972 Auf-

263 1000 372 1055 gabe
408 999 590 1043 erkannt
625 999 768 1052 habe3‘
809 1000 862 1044 cf.
908 1000 1029 1044 Trin.
1062 1001 1251 1055 111‚3,37
1293 1000 1358 1044 ed.
1403 998 1571 1053 Omra).
1638 998 1704 1041 Ad
1734 1011 1772 1041 v.

265 1072 465 1112 660-62
496 1068 609 1122 quod
635 1068 822 1111 Weisius
841 1070 1007 1113 monuit
1027 1070 1302 1125 Thesprionis
1322 1069 1608 1112 inductionem
1626 1071 1776 1122 postea

264 1137 468 1181 auxilium
497 1149 582 1180 non
612 1136 791 1181 ferentis
820 1151 1000 1193 prorsus
1031 1149 1390 1193 supervacaneum
1420 1149 1515 1180 esse
1534 1140 1579 1179 et
1598 1137 1651 1180 ab
1681 1139 1775 1180 arte

262 1206 431 1260 poetica
459 1205 693 1249 abhorrere
724 1219 850 1260 quam
880 1208 1062 1262 maxime
1101 1206 1170 1262 (cf.
1209 1206 1408 1261 Geppert.
1441 1205 1552 1248 stud.
1584 1205 1722 1249 Plaut.
1753 1199 1776 1247 1

268 1287 366 1328 pag.
401 1278 455 1317 78
486 1274 598 1318 idem
628 1275 983 1330 reprobrantem),
1019 1273 1531 1328 memoria—repetendum
1570 1277 1638 1316 est
1666 1272 1774 1316 The-

268 1342 485 1397 sprionem
513 1346 614 1397 post
642 1355 681 1385 v.
703 1346 759 1386 80
788 1343 833 1386 in
854 1343 1097 1388 Chaeribuli
1128 1344 1296 1387 domum
1326 1341 1484 1386 abiisse
1513 1342 1569 1396 (v.
1588 1344 1642 1384 67
1664 1342 1774 1396 sqq.)

266 1423 403 1464 neque
432 1411 570 1454 adhuc
609 1412 652 1453 in
683 1424 852 1455 scenam
889 1413 1132 1455 revertisse.
1192 1413 1242 1454 Id
1283 1424 1412 1465 quum
1450 1413 1578 1464 poeta
1616 1409 1774 1453 oblitus

262 1491 347 1521 non
378 1479 448 1531 sit,
480 1480 704 1525 occasione
733 1479 880 1523 oblata
909 1481 1125 1538 commode
1155 1492 1252 1523 eum
1270 1482 1455 1532 revocat,
1486 1489 1578 1520 mm
1604 1478 1774 1520 amlio

262 1547 361 1601 sibi,
392 1548 505 1601 quod
530 1548 729 1602 WezkiuS,
760 1550 963 1603 deceptus
993 1549 1102 1592 falsa
1126 1548 1470 1602 interpunctione
1490 1550 1567 1591 aut
1594 1546 1775 1589 lectione

263 1616 308 1658 in
338 1615 420 1659 fine
462 1629 499 1659 v.
527 1619 605 1659 166
649 1618 749 1671 (non
789 1621 962 1671 praesto
999 1621 1067 1660 est
1103 1617 1207 1659 mihi
1242 1617 1343 1659 edit.
1384 1615 1545 1669 Weiss),
1587 1614 1793 1658 voluisse·

263 1684 447 1737 videtur,
475 1685 566 1728 *scd
601 1689 651 1728 ut
681 1687 820 1729 sorori
850 1687 1047 1730 inventae
1074 1685 1433 1740 Stratippoclique
1463 1683 1615 1739 officia
1638 1696 1771 1738 prae-

261 1755 358 1796 stet:
415 1766 513 1796 nam
553 1754 679 1797 huius
719 1755 948 1809 praecipue
988 1754 1196 1809 Thesprio
1237 1765 1387 1796 servus
1427 1757 1504 1796 est.
1575 1750 1774 1796 Ceterum

263 1822 471 1876 Thesprio
507 1837 600 1865 non
632 1823 795 1878 prodit,
844 1827 892 1866 ut
927 1824 1199 1874 arbitramur,
1242 1822 1318 1865 sed
1357 1822 1474 1865 intus
1510 1833 1685 1864 versans
1720 1820 1774 1863 ab

263 1891 442 1945 Epidico
472 1890 647 1934 iubetur
675 1892 760 1934 alia
790 1892 860 1934 via
887 1917 938 1922 -—
967 1905 1045 1946 per
1075 1892 1223 1935 honos
1252 1915 1294 1922 ψ
1320 1890 1573 1944 Periphanis
1604 1890 1775 1933 domum

262 1963 431 2013 petere:
649 2000 651 2004 .

263 2027 484 2082 Thesprio,
506 2029 606 2072 dort
631 2029 800 2071 hinaus!
833 2029 977 2072 Durch
1003 2029 1074 2072 die
1094 2027 1257 2071 Garten
1277 2028 1384 2071 nach
1405 2028 1572 2071 Hause!
1616 2037 1773 2083 (secum)

287 2136 289 2138 .
1365 2096 1450 2138 Mir
1477 2099 1626 2139 niitzet

262 2163 518 2209 Trefflicher
546 2164 705 2209 Zufall!
723 2199 903 2211 .......
1049 2220 1054 2223 ,

376 2234 713 2290 Retractationis
754 2235 937 2290 vestigia
981 2235 1175 2278 consulto
1219 2234 1358 2278 factae
1401 2247 1484 2278 non
1529 2235 1665 2288 magis
1708 2234 1776 2278 hic

264 2306 559 2356 apparuerunt
598 2315 727 2356 quam
765 2304 812 2347 in
849 2317 887 2346 v.
911 2302 1139 2356 724-81,
1183 2304 1256 2357 qui
1277 2323 1280 2325 Δ
1298 2303 1474 2345 Goetxio
1513 2316 1578 2355 ‚ex
1618 2303 1776 2357 duplici

262 2371 509 2415 recensione
539 2372 738 2415 videntur
766 2372 949 2415 consuti‘
989 2384 1066 2414 nec
1106 2384 1190 2414 non
1219 2371 1472 2426 Hasperum
1511 2370 1777 2414 offenderunt

263 2441 290 2482 l.
313 2453 348 2483 s.
371 2453 405 2483 s.
438 2453 541 2494 pag.
561 2444 627 2483 29.
689 2441 952 2494 Quamquam
992 2441 1103 2483 enim
1142 2440 1373 2483 versiculos
1413 2440 1510 2483 illos
1549 2443 1774 2482 724—727

263 2508 415 2551 abesse
443 2521 571 2562 posse
601 2521 697 2552 non:
716 2508 889 2563 infitior,
921 2512 1063 2552 tamen
1093 2521 1167 2552 eos
1196 2512 1296 2551 etv.
1322 2512 1513 2552 728—-31
1548 2509 1776 2563 parallelos

264 2589 359 2620 esse
389 2577 611 2621 habendos
652 2591 705 2621 ne
735 2579 859 2621 initio
889 2579 1059 2632 quidem
1099 2591 1301 2621 versuum
1341 2583 1422 2621 724
1453 2582 1497 2621 et
1528 2582 1611 2621 728
1650 2579 1776 2632 plane

263 2646 447 2699 gemello
477 2646 547 2702 (cf.
567 2646 610 2689 Ο.
630 2647 684 2690 F.
714 2647 776 2690 W.
796 2647 965 2690 Midler
993 2647 1020 2690 l.
1044 2659 1076 2690 s.
1099 2660 1131 2690 s.
1163 2659 1258 2701 pag.
1283 2647 1383 2701 634)
1411 2647 1516 2690 satis
1547 2646 1773 2690 evincitur:

263 2729 360 2761 nam
393 2721 621 2773 antequam
662 2717 801 2762 eicere
830 2717 957 2762 velim
986 2717 1171 2774 lepidam
1209 2717 1326 2761 illam
1356 2715 1662 2771 gradationem,
1693 2727 1777 2771 qua
