2052 3172
995 83 1048 124 56

266 233 460 262 mannus
479 218 632 261 Plauto
661 217 881 261 vindicans
905 217 1013 261 falso
1043 217 1099 260 ad
1129 230 1285 261 annum
1314 218 1451 261 DLIV
1471 231 1507 262 a.
1530 232 1570 261 u.
1617 219 1776 274 (DLIII

266 288 437 333 exhibet
444 286 723 342 Bitschelius,
739 285 863 331 fastis
871 285 1121 342 Capitolinis
1137 285 1324 342 innixus)
1340 287 1582 341 rettulerat,
1597 286 1774 343 Epidico

267 356 420 400 tribuit
459 360 503 399 et
541 356 734 410 probatis
773 356 1158 398 Wndischmanni
1192 357 1453 410 argumentis
1490 368 1600 399 anno
1640 355 1775 399 DLIV

267 438 360 469 eam
389 425 434 468 in
465 436 636 469 scenam
655 424 868 479 prodiisse
899 424 980 469 sibi
1000 425 1228 481 persuasit,
1260 424 1372 481 quod
1392 437 1519 480 quam
1547 425 1605 470 sit
1622 424 1776 469 falsum

265 494 533 556 Ritsehelius
563 494 868 536 dissertatione
905 506 984 537 sua
1020 496 1115 547 ‚Die
1145 494 1457 548 plautinischen
1485 494 1775 537 Didaskalien‘

265 562 374 618 (par.
405 576 445 618 p.
470 565 552 606 249
575 562 685 618 sqq.)
716 565 760 606 et
788 562 1072 620 Ladewiyius
1113 565 1158 607 in
1188 563 1440 606 Zimmerm.
1474 562 1611 608 diurn.
1643 563 1773 618 antiq.

266 631 378 673 stud.
424 643 462 673 a.
506 634 611 673 1841
658 645 698 685 p.
727 635 836 674 1080
859 644 949 686 sqq.
1004 633 1110 675 satis
1157 633 1568 682 demonstraverunt.
1639 631 1777 682 Quum

265 698 400 753 igitur
438 698 602 742 literati
641 699 704 742 illi
733 699 924 744 homines
960 700 1105 748 inania
1141 703 1376 756 captarent,
1413 699 1487 743 alii
1522 689 1777 743 sententiam

267 768 410 810 nescio
456 780 541 821 qua
585 769 846 821 cogitatione
890 770 1101 813 moderati
1153 770 1207 812 ad
1250 769 1417 824 priores
1460 768 1603 810 Plauti
1645 780 1778 811 annos

266 835 492 891 Epidicum
521 835 746 891 referrent,
778 840 827 881 ut
860 837 906 881 S.
942 837 1252 894 Visserinyius,
1291 837 1364 892 qui
1392 837 1418 880 l.
1442 849 1474 880 s.
1498 848 1531 880 s.
1572 849 1655 880 non
1685 836 1777 880 sine

267 905 463 948 cautione
493 905 669 959 scripsit
697 906 923 960 Epidicum
950 907 1134 961 fortasse
1170 907 1385 962 prioribus
1415 906 1778 949 adnumerandum

269 986 364 1017 esse
394 977 572 1028 propter
602 975 634 1029 Ι,
658 978 692 1027 1,
714 978 897 1028 28-31,
928 976 985 1030 ΙΙ,
1004 980 1042 1030 2,
1064 979 1129 1030 13,
1170 980 1214 1019 et
1242 976 1484 1030 nuperrime
1519 976 1562 1018 in
1591 974 1778 1018 editione

268 1055 346 1086 sua
383 1043 632 1099 Ussinyius‚
664 1047 829 1088 certum
858 1044 1182 1089 fundamentum
1210 1046 1295 1089 iam
1324 1043 1590 1086 Ritschelius
1619 1043 1779 1086 iecerat

266 1112 517 1167 quaestione
547 1125 625 1156 sua
655 1114 732 1165 ,De
761 1102 904 1157 Plauti
933 1114 1244 1168 Bacchidibus‘,
1275 1126 1358 1168 qua
1386 1113 1495 1156 hanc
1523 1110 1710 1155 fabulam
1738 1123 1775 1154 a.

266 1181 443 1224 DLXV
473 1181 669 1236 (DLXIV
697 1195 762 1235 ap.
794 1182 869 1236 R.)
912 1184 978 1226 vel
1018 1183 1144 1237 paulo
1185 1186 1285 1237 post
1318 1182 1503 1236 primum
1542 1184 1778 1234 spectatam

268 1262 364 1293 esse
393 1249 668 1304 argutissime
698 1250 801 1294 vicit
842 1255 887 1294 et
916 1252 978 1295 ita
1006 1252 1170 1306 primus
1210 1250 1438 1294 terminum
1478 1252 1640 1293 certum
1680 1261 1778 1292 con-

270 1318 427 1372 stituit,
459 1322 560 1361 ante
590 1331 715 1372 quem
744 1319 969 1373 Epidicum
999 1324 1138 1363 actam
1167 1333 1262 1363 esse
1292 1322 1474 1373 oportet.
1507 1343 1564 1349 —
1593 1318 1689 1360 Non
1717 1318 1779 1360 ita

266 1387 400 1429 multo
429 1389 531 1440 post
549 1386 778 1429 Naudetus
807 1388 978 1442 quidam
997 1389 1301 1443 Francogallus
1332 1387 1461 1430 simili
1489 1387 1655 1430 ratione
1675 1398 1778 1429 usus

268 1456 312 1497 in
342 1455 460 1497 Diar.
490 1455 607 1497 erud.
639 1455 903 1510 Francogall.
936 1470 972 1499 a.
1001 1461 1109 1500 1838
1139 1471 1180 1512 p.
1203 1461 1286 1499 412
1308 1469 1398 1511 sqq.
1442 1455 1665 1510 Epidicum
1694 1467 1780 1497 una

269 1537 365 1568 cum
380 1524 536 1568 ceteris
550 1524 694 1568 Plauti
708 1524 863 1569 fabulis
886 1527 1143 1570 examinavit
1163 1530 1207 1570 et
1223 1526 1369 1569 multis
1388 1524 1578 1580 profecto
1594 1525 1780 1568 animum

267 1593 510 1646 advertenS,
542 1605 650 1646 quae
679 1593 759 1636 hac
788 1595 831 1637 in
853 1596 1103 1649 quaestione
1132 1595 1229 1638 usui
1250 1598 1362 1648 sunt,
1395 1607 1503 1636 anno
1523 1594 1661 1636 DLIX
1680 1606 1717 1636 a.
1736 1605 1776 1636 u.

268 1660 456 1705 fabulam
495 1660 649 1705 tribuit
685 1663 702 1717 (
705 1696 826 1714 .....
859 1664 900 1707 le
930 1664 1145 1707 Poenulus
1182 1663 1326 1707 venait
1365 1675 1478 1710 avec-
1495 1662 1706 1716 Epidique
1736 1664 1781 1704 et

267 1730 518 1773 l’Aululaire
537 1731 730 1773 soutenir
748 1731 791 1774 la
805 1733 1052 1785 reputation
1072 1733 1129 1775 du
1148 1735 1273 1785 poete
1294 1744 1346 1774 en
1365 1743 1412 1773 ce
1432 1734 1569 1783 temps
1586 1728 1777 1783 (DLIX);

273 1798 418 1842 c'etait
447 1798 613 1841 l'annee
643 1798 701 1842 du
730 1800 925 1843 consulat
960 1800 1012 1843 de
1042 1800 1178 1843 Caton
1211 1801 1323 1842 ....‘
1353 1811 1393 1852 p.
1416 1796 1530 1853 422).
1592 1797 1779 1839 Primum

270 1870 416 1910 monet
445 1879 482 1909 v.
508 1870 676 1910 29—36
708 1867 874 1911 nobiles
903 1868 1000 1911 illos
1020 1872 1230 1911 Romanos
1260 1867 1393 1921 tangi,
1424 1866 1496 1919 qui
1526 1878 1778 1919 quamquam

269 1935 384 1990 apud
414 1934 580 1978 Cannas
610 1934 834 1990 fugissent,
867 1937 1138 1980 nihilominus
1169 1936 1224 1979 ad
1254 1946 1440 1979 summos
1469 1933 1652 1977 honores
1681 1945 1778 1986 per-

269 2004 475 2057 venerint,
506 2016 635 2058 quum
675 2005 864 2058 gregarii
900 2005 1057 2048 milites
1098 2019 1150 2049 ex
1179 2006 1253 2048 illa
1288 2004 1406 2047 clade
1437 2002 1693 2056 superstites
1723 2000 1777 2044 ob

269 2072 447 2116 eandem
477 2071 621 2126 fugam
651 2073 695 2115 in
726 2073 914 2116 Siciliam
943 2074 1124 2128 relegati
1155 2074 1255 2126 sint,
1288 2072 1339 2116 cf.
1371 2072 1462 2115 Liv.
1493 2071 1683 2124 XXV,7;
1714 2069 1778 2111 ni-

267 2141 423 2184 mirum
451 2141 619 2196 plebem
649 2153 726 2185 suo
757 2142 850 2185 iure
879 2142 960 2186 hoc
990 2155 1118 2197 aegre
1149 2142 1299 2186 tulisse
1330 2144 1374 2184 et
1402 2144 1594 2194 tempore
1624 2150 1778 2192 oppor-

268 2213 373 2252 tuno
404 2219 559 2263 magna
579 2223 682 2253 voce
711 2211 990 2264 patriciorum
1020 2211 1219 2253 iniuriam
1248 2209 1525 2253 accusavisse.
1576 2207 1666 2249 Iam
1695 2218 1777 2259 quo

269 2278 352 2321 alio
383 2278 463 2321 hoc
493 2276 660 2321 facilius
691 2278 784 2322 fieri
813 2279 1007 2333 potuisse
1045 2291 1171 2334 quam
1200 2279 1272 2321 illo
1303 2276 1426 2330 anno,
1464 2287 1547 2330 quo
1577 2273 1681 2324 Cato
1704 2285 1777 2328 ,se-

268 2360 395 2391 verus
416 2347 565 2390 consul
577 2347 744 2396 fuerit?
777 2349 899 2391 Intra
918 2349 1029 2391 hunc
1048 2349 1183 2403 igitur
1203 2359 1358 2391 annum
1387 2344 1559 2401 (DLIX)
1575 2343 1778 2387 ‚Plautum

270 2429 296 2459 a
326 2415 487 2459 Catone
522 2419 708 2460 stantem
747 2417 790 2459 in
819 2416 998 2471 Epidico
1038 2429 1115 2460 sua
1149 2416 1354 2470 patricios
1389 2413 1633 2475 cavillatum
1668 2422 1775 2454 esse.

269 2486 463 2530 Eundem
493 2497 594 2529 vero
631 2486 933 2540 castigatorem
961 2498 1127 2529 morum
1157 2483 1523 2528 deflorescentium
1553 2495 1605 2525 ex
1624 2479 1779 2524 acerba

268 2558 344 2600 illa
372 2555 702 2610 reprehensione
743 2555 1039 2599 libertinorum
1077 2555 1257 2599 divitum
1287 2552 1498 2608 cognosci,
1538 2551 1622 2605 qui*
1640 2562 1778 2593 mere-

271 2623 452 2669 tricibus
492 2626 608 2667 totos
649 2623 805 2667 fundos
854 2624 1013 2668 donare
1052 2624 1230 2678 possint,
1275 2621 1485 2666 tributum
1524 2620 1778 2673 imperatum

272 2693 459 2751 pendere
493 2705 577 2736 non
612 2693 792 2748 possint.
855 2693 929 2737 Sin
959 2696 1102 2737 autem
1141 2694 1236 2749 quis
1267 2690 1468 2737 audacius
1506 2689 1610 2734 haec
1637 2689 1779 2743 posita
