2052 3172
1036 109 1089 149 72

306 243 499 280 consilium
523 242 779 288 moliebantur,
816 253 889 279 non
912 241 1053 289 mirum,
1090 238 1122 279 si
1145 243 1346 280 Romanum
1375 243 1540 280 habimm
1563 245 1711 291 praeter
1734 254 1815 281 con-

305 299 535 337 suetudinem
558 299 747 336 subtiliter
780 303 1042 345 persequentes
1081 300 1129 336 ad
1165 300 1364 337 veritatem
1400 301 1558 338 animum
1593 301 1815 346 referebant,

304 358 401 403 quod
424 368 535 402 quum
572 357 652 392 Mil.
667 356 863 402 111,1,196
886 361 965 392 tum
988 357 1072 392 Aul.
1097 360 1136 392 et
1158 357 1265 403 Epid.
1283 356 1385 393 tritis
1409 357 1484 394 illis
1506 356 1672 394 versibus
1685 358 1817 404 ,palam

304 416 357 452 fit.
403 415 455 452 Et
476 415 546 451 hac
570 414 767 460 praecipue
793 425 909 451 causa
934 414 1162 460 impedimur,
1199 415 1390 461 quominus
1414 420 1562 461 poetam
1583 407 1732 452 incuria
1756 425 1815 452 ex-

305 475 472 509 cusatum
495 470 706 516 babeamus,
730 482 803 517 qua
827 475 871 508 ut
894 472 979 508 aliis
1002 471 1092 508 locis
1115 472 1176 508 hic
1196 483 1338 518 quoque
1361 492 1408 498 —
1431 472 1610 518 siquidem
1621 472 1815 519 patagium

303 529 481 568 matronis
517 529 605 566 solis
643 529 912 567 concedendum
948 533 1006 566 est
1035 551 1081 556 —-
1104 529 1327 568 vestimenta
1362 529 1441 568 sine
1476 528 1685 568 discrimine
1721 541 1813 567 eom-

302 588 503 625 miscuerit.

395 692 454 737 31)
480 692 683 738 Impugnat
711 692 887 728 Weissius
912 691 1202 736 (Kostiimkunde
1227 692 1267 728 II
1289 703 1324 737 p.
1349 692 1431 737 969)
1455 692 1550 728 hanc
1561 692 1711 728 Beckeri
1733 702 1812 728 sen-

302 751 460 786 tentiam
486 749 596 793 (Gall.
621 749 680 783 ΠΙ
703 760 738 793 p.
763 749 844 793 139)
872 749 968 793 ,dass
993 748 1032 784 in
1057 749 1122 784 der
1144 749 1382 794 Hauptsache
1406 749 1465 784 die
1477 749 1814 794 Kleidungsstiicke

303 808 429 844 immet
452 806 640 843 dieselben
662 805 809 842 blieben
832 806 907 842 und
931 805 990 842 die
1003 806 1110 843 Mode
1134 805 1212 843 sich
1235 805 1408 843 meistens
1432 817 1501 843 nur
1526 806 1595 843 auf
1615 805 1675 842 die
1699 805 1814 842 Stoffe

301 865 377 901 und
400 865 513 900 deren
537 864 655 899 Farbe
692 863 780 898 oder
817 863 867 898 im
891 873 1036 909 ganzen
1066 864 1186 899 nichts
1210 864 1462 900 verandemde
1486 863 1724 900 Accessorien
1758 874 1814 899 er-

302 921 445 959 streckt
467 930 515 958 zu
538 920 658 957 haben
681 920 836 957 scheint‘
861 919 918 957 his
941 920 1080 957 verbisz
1105 920 1210 963 ,Eine
1234 921 1347 957 miher
1370 920 1598 968 eingebende
1620 920 1814 956 Betracbt-

301 991 379 1026 ung
402 980 466 1015 des
489 978 885 1015 Denkmiilervorratbs
910 978 1033 1014 indess
1057 979 1156 1014 lehrt
1185 979 1272 1015 aber
1297 989 1408 1025 sogar
1430 979 1693 1024 unabweislich,
1731 978 1814 1014 dass

302 1038 363 1073 die
387 1040 548 1083 spatere,
574 1035 970 1083 griechisch-italiscbe
981 1036 1088 1072 Mede
1116 1035 1320 1080 (naturlich'
1336 1034 1429 1072 eben
1445 1042 1521 1072 ‘nur
1539 1035 1730 1072 innerhalb
1749 1036 1815 1071 der

302 1095 473 1131 Grenzen
496 1094 561 1130 des
584 1093 634 1130 im
652 1093 838 1129 Alter-tum
862 1093 1071 1139 uberhaupt
1087 1083 1504 1140 Angemein-ijblichen)
1530 1093 1624 1129 doch
1648 1093 1742 1129 auch
1766 1092 1814 1129 im

301 1152 446 1189 Schnitt
468 1152 581 1187 kaum
603 1150 770 1197 weniger
792 1151 1003 1196 wechselte,
1028 1151 1083 1187 als
1107 1150 1186 1186 dies
1225 1150 1299 1196 (bei
1322 1150 1487 1197 gleicher
1512 1151 1815 1197 Voraussetzung

301 1210 366 1245 des
390 1207 812 1255 Allgemein-Gffltigen)
849 1207 1112 1254 gegenwilrtig
1142 1208 1208 1244 der
1231 1205 1314 1244 Fall
1337 1207 1388 1244 ist
1412 1208 1494 1244 etc!
1540 1207 1621 1244 Non
1646 1211 1714 1253 est,
1751 1218 1816 1243 cur

302 1265 504 1302 doctissimi
538 1265 611 1301 viri
645 1264 781 1300 iudicio
818 1265 1037 1310 diffidamus,
1074 1265 1184 1310 idque
1209 1275 1251 1300 eo
1275 1264 1405 1309 minus,
1431 1264 1526 1309 quod
1550 1275 1683 1300 novum
1706 1265 1813 1300 docu-

300 1326 463 1360 mentum
486 1321 573 1358 inde
596 1321 784 1358 haurimus
816 1321 1023 1358 sententiae
1048 1325 1198 1358 nostrae
1221 1321 1393 1358 tuendae.
1441 1320 1535 1366 Quid
1569 1320 1692 1357 enim?
1739 1321 1814 1358 Ha-

300 1380 403 1415 bitus
426 1377 572 1423 antiqui
596 1378 832 1414 commutatio
856 1378 936 1414 sine
959 1378 1069 1414 dubio
1105 1380 1161 1414 ita
1185 1381 1243 1414 est
1274 1378 1387 1423 facta,
1423 1382 1468 1414 ut
1490 1378 1645 1423 primum
1668 1378 1814 1423 quidem

301 1437 326 1473 i.
352 1447 384 1474 e.
407 1440 572 1482 tempore
597 1435 674 1481 illo,
700 1445 772 1481 quo
788 1435 922 1472 Graeci
946 1446 1063 1472 mores
1088 1435 1228 1482 impetu
1251 1435 1411 1480 quodam
1435 1434 1662 1471 crebrescere
1687 1445 1814 1482 coepe-

299 1493 545 1538 runt,—fuit
567 1497 694 1530 autem
716 1494 784 1529 hoc
808 1503 941 1530 aevum
951 1493 1176 1538 Plautinum,
1201 1496 1245 1530 ut
1268 1504 1379 1539 supra
1392 1493 1604 1538 monuimus,
1628 1513 1674 1519 —
1698 1493 1815 1529 forma

300 1550 490 1587 tralaticia
513 1553 665 1587 servata
689 1549 787 1585 color
809 1549 1057 1596 materiesque
1082 1550 1349 1594 immutaretur,
1375 1553 1505 1596 postea
1529 1550 1646 1585 forma
1670 1560 1813 1595 quoque

301 1609 424 1654 prisca
453 1608 731 1653 neglegeretur.
778 1607 894 1652 Atqui
924 1607 1015 1643 trito
1039 1607 1186 1653 Epidici
1221 1607 1302 1643 loco
1337 1619 1432 1644 unus
1462 1608 1560 1643 eolo-r
1581 1609 1815 1653 materiesque

301 1665 484 1711 tangitur,
508 1665 554 1699 de
579 1663 705 1699 formis
730 1663 920 1699 inusitatis
944 1663 1007 1699 vix
1030 1674 1148 1699 sermo
1173 1667 1231 1700 est
1257 1665 1318 1706 (cf.
1338 1664 1464 1700 Weiss.
1489 1663 1556 1699 l.s.
1572 1675 1600 1699 s.
1626 1664 1719 1708 ,Uud
1743 1664 1813 1700 wie

301 1723 361 1759 die
398 1723 492 1759 oben
527 1721 777 1768 angefuhrten
800 1721 931 1757 Worte
967 1721 1032 1757 des
1061 1721 1216 1758 Plautus
1249 1742 1296 1747 —-
1330 1721 1397 1767 Ep.
1422 1720 1508 1767 11‚2
1537 1741 1583 1747 —
1612 1720 1813 1768 allerdings

301 1790 399 1825 ganz
429 1779 626 1815 besonders
657 1788 783 1824 gegen
814 1778 885 1814 den
912 1778 1264 1814 Kleiderschwindel
1293 1778 1358 1814 der
1382 1778 1535 1814 Frauen
1556 1797 1604 1803 —
1626 1778 1720 1814 auch
1742 1779 1813 1814 wie

300 1837 397 1873 wohl
422 1835 677 1874 anzunehmen
689 1834 751 1880 ist,
776 1835 1057 1881 hauptsaohlieh
1069 1845 1193 1883 gegen
1206 1835 1265 1872 die
1278 1835 1602 1882 Verschwendung
1614 1833 1651 1871 in
1664 1834 1813 1873 reichen

299 1895 440 1939 Stoffen
463 1914 509 1920 —
533 1893 722 1940 gerichtet
747 1893 829 1928 sind
842 1919 973 1928 ......
977 1895 1012 1936 ⁴).
1059 1894 1160 1940 Ergo
1184 1903 1311 1943 versus
1327 1893 1383 1930 illi
1406 1893 1454 1928 ad
1472 1892 1630 1937 priorem
1649 1896 1813 1929 aetatem

299 1951 545 1997 Plautumque
582 1953 764 1996 spectant.
824 1949 917 1986 Nam
953 1949 1084 1986 mirum
1120 1953 1229 1997 esset,
1273 1949 1305 1986 si
1339 1952 1564 1987 retractator
1597 1949 1811 1995 posterioris

298 2009 475 2054 temporis
491 2009 701 2055 formarum
724 2007 1016 2044 vicissitudinem
1047 2019 1093 2058 ne
1118 2019 1189 2045 uno
1215 2007 1360 2054 quidem
1384 2008 1495 2044 verbo
1528 2007 1743 2053 castigaret.
1767 2029 1814 2034 —

391 2113 452 2157 32)
477 2113 533 2147 De
558 2111 715 2158 singulis
740 2111 945 2148 nominibus
970 2123 1064 2159 quae
1088 2111 1228 2158 singuli
1252 2110 1324 2147 viri
1347 2114 1578 2157 monuerunt,
1613 2110 1814 2158 diligenter

299 2169 372 2206 iam
397 2170 598 2206 Ferrarius
623 2168 777 2216 collegit
799 2169 824 2205 l.
837 2180 865 2206 e.
878 2181 907 2206 s.
930 2170 950 2207 I
973 2182 1008 2217 p.
1031 2169 1102 2207 238
1124 2180 1202 2215 sqq.
1228 2168 1408 2215 simulque
1429 2167 1524 2204 idem
1537 2167 1692 2214 censuit,
1717 2169 1812 2214 quod

297 2227 477 2263 Becker-us
501 2226 539 2262 in
563 2226 658 2262 Gall.
683 2227 743 2262 III
768 2238 803 2273 p.
828 2227 897 2263 139
922 2227 1074 2273 exponit
1100 2227 1161 2267 (cf.
1185 2229 1380 2273 praeterea
1409 2226 1534 2262 Weiss.
1559 2225 1585 2261 1.
1598 2236 1627 2262 s.
1640 2237 1669 2262 s.
1692 2237 1728 2272 p.
1743 2224 1812 2264 962

299 2284 380 2329 ,Die
393 2284 535 2320 Numen
558 2284 673 2320 selbst
695 2284 777 2321 sind
790 2284 1014 2331 wenigstens
1038 2285 1121 2320 dem
1140 2283 1351 2330 damaligen
1364 2282 1554 2334 Modesinn
1577 2283 1672 2319 nach
1694 2284 1811 2331 vollig

298 2342 626 2385 unubersetzbar‘).
662 2343 723 2378 Ita
747 2353 833 2379 vero
852 2343 981 2380 licebit
994 2343 1119 2386 Canis
1132 2352 1277 2388 quoque
1292 2340 1550 2387 explanatione
1562 2335 1811 2388 supersedere,

298 2399 344 2435 (le
368 2411 442 2445 qua
460 2402 565 2451 veste
578 2399 824 2446 Ladewa‘qa‘us,
847 2400 1050 2445 Naudetus,
1070 2400 1229 2437 Weisius
1252 2398 1345 2435 mira
1360 2398 1683 2445 excogitaveruut3
1708 2398 1812 2436 nobis

297 2457 387 2503 ipsis
412 2456 621 2494 iamdudum
644 2457 833 2493 Laconum
856 2469 986 2503 eanum
1001 2457 1104 2503 fulvi
1127 2457 1257 2498 coloris
1279 2456 1318 2493 in
1337 2459 1496 2492 mentem
1507 2460 1674 2502 venerat,
1693 2455 1810 2503 prius,-

297 2526 408 2560 quam
431 2515 590 2552 Fen-ari
611 2513 697 2550 libri
721 2514 825 2551 nobis
860 2515 969 2552 allati
993 2518 1128 2561 essent,
1164 2513 1228 2559 qui
1251 2513 1283 2550 si
1307 2524 1379 2550 nou
1403 2524 1426 2549 a
1451 2513 1584 2559 colore,
1619 2524 1644 2550 a
1666 2513 1812 2555 nomine

298 2573 445 2619 quidem
471 2582 592 2618 ,canes
604 2572 768 2609 Lacones
794 2576 834 2608 et
845 2572 1031 2609 Laconici‘
1055 2571 1316 2609 vestimentum
1339 2570 1567 2608 nominatum
1591 2581 1671 2608 esse
1686 2575 1812 2608 censet

298 2633 348 2676 (p.
373 2632 392 2666 I
415 2641 503 2677 pag.
526 2630 622 2674 244).
672 2631 806 2666 Cetera
830 2630 1052 2667 vestimenta
1089 2629 1185 2675 quod
1220 2639 1393 2675 maguam
1416 2628 1563 2674 quidem
1598 2633 1742 2676 partem
1764 2630 1812 2666 ad

297 2688 509 2725 meretrices
532 2692 702 2735 spectare
722 2688 890 2734 diximus,
915 2687 1091 2734 imprimis
1111 2687 1261 2724 colorem
1280 2696 1426 2724 monere
1448 2686 1614 2724 velimus.
1639 2686 1812 2732 Quamvis
