<?xml version="1.0" encoding="UTF-8"?>
<!DOCTYPE html PUBLIC "-//W3C//DTD XHTML 1.0 Transitional//EN"
    "http://www.w3.org/TR/xhtml1/DTD/xhtml1-transitional.dtd">
<html xmlns="http://www.w3.org/1999/xhtml" xml:lang="en" lang="en">
 <head>
  <title>
</title>
<meta http-equiv="Content-Type" content="text/html;charset=utf-8" />
  <meta name='ocr-system' content='tesseract 3.04.00' />
  <meta name='ocr-capabilities' content='ocr_page ocr_carea ocr_par ocr_line ocrx_word'/>
</head>
<body>
  <div class='ocr_page' id='page_1' title='image "4737867_0082.png"; bbox 0 0 2052 3172; ppageno 0'>
   <div class='ocr_carea' id='block_1_1' title="bbox 973 227 1026 266">
    <p class='ocr_par' dir='ltr' id='par_1_1' title="bbox 973 227 1026 266">
     <span class='ocr_line' id='line_1_1' title="bbox 973 227 1026 266; baseline 0 0"><span class='ocrx_word' id='word_1_1' title='bbox 973 227 1026 266; x_wconf 88' lang='grc'><strong>67</strong></span> 
     </span>
    </p>
   </div>
   <div class='ocr_carea' id='block_1_2' title="bbox 864 283 1138 288">
    <p class='ocr_par' dir='ltr' id='par_1_2' title="bbox 864 283 1138 288">
     <span class='ocr_line' id='line_1_2' title="bbox 864 283 1138 288; baseline 0 0"><span class='ocrx_word' id='word_1_2' title='bbox 864 283 1138 288; x_wconf 95' lang='lat' dir='ltr'><strong> </strong></span> 
     </span>
    </p>
   </div>
   <div class='ocr_carea' id='block_1_3' title="bbox 247 359 1752 1086">
    <p class='ocr_par' dir='ltr' id='par_1_3' title="bbox 247 359 1752 1086">
     <span class='ocr_line' id='line_1_3' title="bbox 247 359 1750 416; baseline -0.006 -12"><span class='ocrx_word' id='word_1_3' title='bbox 247 379 312 416; x_wconf 88' lang='lat' dir='ltr'><strong>pro</strong></span> <span class='ocrx_word' id='word_1_4' title='bbox 335 365 412 403; x_wconf 82' lang='lat' dir='ltr'><strong>filio</strong></span> <span class='ocrx_word' id='word_1_5' title='bbox 435 366 579 410; x_wconf 87' lang='lat' dir='ltr'><strong>patrem</strong></span> <span class='ocrx_word' id='word_1_6' title='bbox 602 362 789 398; x_wconf 65' lang='lat' dir='ltr'><strong>adamaret</strong></span> <span class='ocrx_word' id='word_1_7' title='bbox 825 370 944 406; x_wconf 88' lang='lat' dir='ltr'><strong>neque</strong></span> <span class='ocrx_word' id='word_1_8' title='bbox 969 359 1044 396; x_wconf 89' lang='lat' dir='ltr'><strong>alia</strong></span> <span class='ocrx_word' id='word_1_9' title='bbox 1076 367 1187 396; x_wconf 81' lang='lat' dir='ltr'><strong>causa</strong></span> <span class='ocrx_word' id='word_1_10' title='bbox 1211 359 1413 406; x_wconf 81' lang='lat' dir='ltr'><strong>Apoecides</strong></span> <span class='ocrx_word' id='word_1_11' title='bbox 1442 370 1588 396; x_wconf 88' lang='lat' dir='ltr'><strong>servum</strong></span> <span class='ocrx_word' id='word_1_12' title='bbox 1610 360 1750 405; x_wconf 87' lang='lat' dir='ltr'><strong>laudat,</strong></span> 
     </span>
     <span class='ocr_line' id='line_1_4' title="bbox 248 417 1751 472; baseline -0.004 -13"><span class='ocrx_word' id='word_1_13' title='bbox 248 435 355 472; x_wconf 86' lang='lat' dir='ltr'><strong>quam</strong></span> <span class='ocrx_word' id='word_1_14' title='bbox 385 420 481 467; x_wconf 93' lang='lat' dir='ltr'><strong>quod</strong></span> <span class='ocrx_word' id='word_1_15' title='bbox 504 419 666 470; x_wconf 80' lang='lat' dir='ltr'><strong>puellam</strong></span> <span class='ocrx_word' id='word_1_16' title='bbox 697 422 774 455; x_wconf 86' lang='lat' dir='ltr'><strong>tam</strong></span> <span class='ocrx_word' id='word_1_17' title='bbox 806 417 928 454; x_wconf 84' lang='lat' dir='ltr'><strong>facete</strong></span> <span class='ocrx_word' id='word_1_18' title='bbox 960 417 1100 453; x_wconf 86' lang='lat' dir='ltr'><strong>nescire</strong></span> <span class='ocrx_word' id='word_1_19' title='bbox 1134 417 1266 454; x_wconf 80' lang='lat' dir='ltr'><strong>fecerit</strong></span> <span class='ocrx_word' id='word_1_20' title='bbox 1297 428 1337 453; x_wconf 90' lang='lat' dir='ltr'><strong>se</strong></span> <span class='ocrx_word' id='word_1_21' title='bbox 1361 417 1559 463; x_wconf 88' lang='lat' dir='ltr'><strong>Periphani</strong></span> <span class='ocrx_word' id='word_1_22' title='bbox 1591 421 1751 463; x_wconf 79' lang='lat' dir='ltr'><strong>emptam</strong></span> 
     </span>
     <span class='ocr_line' id='line_1_5' title="bbox 249 474 1752 524; baseline -0.003 -8"><span class='ocrx_word' id='word_1_23' title='bbox 249 483 327 519; x_wconf 85' lang='lat' dir='ltr'><strong>esse</strong></span> <span class='ocrx_word' id='word_1_24' title='bbox 353 481 401 524; x_wconf 86' lang='lat' dir='ltr'><strong>(v.</strong></span> <span class='ocrx_word' id='word_1_25' title='bbox 423 477 520 522; x_wconf 81' lang='lat'>412).</span> <span class='ocrx_word' id='word_1_26' title='bbox 566 476 621 512; x_wconf 83' lang='lat' dir='ltr'><strong>Ne</strong></span> <span class='ocrx_word' id='word_1_27' title='bbox 645 475 748 521; x_wconf 88' lang='lat' dir='ltr'><strong>longi</strong></span> <span class='ocrx_word' id='word_1_28' title='bbox 773 474 903 511; x_wconf 85' lang='lat' dir='ltr'><strong>simus:</strong></span> <span class='ocrx_word' id='word_1_29' title='bbox 933 474 1032 520; x_wconf 87' lang='lat' dir='ltr'><strong>prior</strong></span> <span class='ocrx_word' id='word_1_30' title='bbox 1055 474 1118 510; x_wconf 85' lang='lat' dir='ltr'><strong>ille</strong></span> <span class='ocrx_word' id='word_1_31' title='bbox 1142 475 1242 511; x_wconf 91' lang='lat' dir='ltr'><strong>locus</strong></span> <span class='ocrx_word' id='word_1_32' title='bbox 1267 486 1302 510; x_wconf 85' lang='lat' dir='ltr'><strong>v.</strong></span> <span class='ocrx_word' id='word_1_33' title='bbox 1326 474 1395 510; x_wconf 82' lang='lat'><strong>275</strong></span> <span class='ocrx_word' id='word_1_34' title='bbox 1419 485 1496 519; x_wconf 91' lang='lat' dir='ltr'><strong>sqq.</strong></span> <span class='ocrx_word' id='word_1_35' title='bbox 1521 475 1568 510; x_wconf 90' lang='lat' dir='ltr'><strong>ad</strong></span> <span class='ocrx_word' id='word_1_36' title='bbox 1593 476 1752 512; x_wconf 76' lang='lat' dir='ltr'><strong>lenonem</strong></span> 
     </span>
     <span class='ocr_line' id='line_1_6' title="bbox 247 531 1749 582; baseline -0.003 -6"><span class='ocrx_word' id='word_1_37' title='bbox 247 539 362 576; x_wconf 88' lang='lat' dir='ltr'><strong>solum</strong></span> <span class='ocrx_word' id='word_1_38' title='bbox 385 533 558 582; x_wconf 78' lang='lat' dir='ltr'><strong>pertinet,</strong></span> <span class='ocrx_word' id='word_1_39' title='bbox 583 543 653 579; x_wconf 91' lang='lat' dir='ltr'><strong>quo</strong></span> <span class='ocrx_word' id='word_1_40' title='bbox 676 532 781 569; x_wconf 91' lang='lat' dir='ltr'><strong>modo</strong></span> <span class='ocrx_word' id='word_1_41' title='bbox 807 542 826 568; x_wconf 93' lang='lat' dir='ltr'><strong>e</strong></span> <span class='ocrx_word' id='word_1_42' title='bbox 850 531 947 569; x_wconf 85' lang='lat' dir='ltr'><strong>servi</strong></span> <span class='ocrx_word' id='word_1_43' title='bbox 971 531 1119 568; x_wconf 89' lang='lat' dir='ltr'><strong>consilio</strong></span> <span class='ocrx_word' id='word_1_44' title='bbox 1144 531 1223 578; x_wconf 92' lang='lat' dir='ltr'><strong>ipso</strong></span> <span class='ocrx_word' id='word_1_45' title='bbox 1243 531 1389 578; x_wconf 90' lang='lat' dir='ltr'><strong>quidem</strong></span> <span class='ocrx_word' id='word_1_46' title='bbox 1405 542 1635 578; x_wconf 88' lang='lat' dir='ltr'><strong>nequaquam</strong></span> <span class='ocrx_word' id='word_1_47' title='bbox 1653 534 1749 571; x_wconf 88' lang='lat' dir='ltr'><strong>serio</strong></span> 
     </span>
     <span class='ocr_line' id='line_1_7' title="bbox 247 589 1748 637; baseline -0.003 -5"><span class='ocrx_word' id='word_1_48' title='bbox 247 597 292 632; x_wconf 88' lang='lat' dir='ltr'><strong>de</strong></span> <span class='ocrx_word' id='word_1_49' title='bbox 315 604 405 631; x_wconf 87' lang='lat' dir='ltr'><strong>vera</strong></span> <span class='ocrx_word' id='word_1_50' title='bbox 429 590 623 637; x_wconf 77' lang='lat' dir='ltr'><strong>emptionis</strong></span> <span class='ocrx_word' id='word_1_51' title='bbox 647 601 759 626; x_wconf 87' lang='lat' dir='ltr'><strong>causa</strong></span> <span class='ocrx_word' id='word_1_52' title='bbox 784 589 941 634; x_wconf 82' lang='lat' dir='ltr'><strong>celetur3</strong></span> <span class='ocrx_word' id='word_1_53' title='bbox 974 589 1092 625; x_wconf 89' lang='lat' dir='ltr'><strong>altero</strong></span> <span class='ocrx_word' id='word_1_54' title='bbox 1120 590 1167 634; x_wconf 83' lang='lat' dir='ltr'><strong>(v.</strong></span> <span class='ocrx_word' id='word_1_55' title='bbox 1191 589 1261 625; x_wconf 80' lang='lat'><strong>410</strong></span> <span class='ocrx_word' id='word_1_56' title='bbox 1285 590 1377 634; x_wconf 85' lang='lat' dir='ltr'>sqq.)</span> <span class='ocrx_word' id='word_1_57' title='bbox 1410 589 1506 625; x_wconf 83' lang='lat' dir='ltr'><strong>servi</strong></span> <span class='ocrx_word' id='word_1_58' title='bbox 1530 591 1670 627; x_wconf 84' lang='lat' dir='ltr'><strong>astutia</strong></span> <span class='ocrx_word' id='word_1_59' title='bbox 1693 602 1748 627; x_wconf 89' lang='lat' dir='ltr'><strong>re-</strong></span> 
     </span>
     <span class='ocr_line' id='line_1_8' title="bbox 247 646 1748 696; baseline -0.001 -8"><span class='ocrx_word' id='word_1_60' title='bbox 247 653 377 696; x_wconf 87' lang='lat' dir='ltr'><strong>fertur,</strong></span> <span class='ocrx_word' id='word_1_61' title='bbox 407 659 480 694; x_wconf 89' lang='lat' dir='ltr'><strong>qua</strong></span> <span class='ocrx_word' id='word_1_62' title='bbox 495 648 686 695; x_wconf 73' lang='lat' dir='ltr'><strong>fidicinam</strong></span> <span class='ocrx_word' id='word_1_63' title='bbox 709 646 893 682; x_wconf 85' lang='lat' dir='ltr'><strong>fortunam</strong></span> <span class='ocrx_word' id='word_1_64' title='bbox 924 646 1111 693; x_wconf 76' lang='lat' dir='ltr'><strong>celaverit,</strong></span> <span class='ocrx_word' id='word_1_65' title='bbox 1134 655 1254 691; x_wconf 89' lang='lat' dir='ltr'><strong>neque</strong></span> <span class='ocrx_word' id='word_1_66' title='bbox 1285 649 1342 682; x_wconf 89' lang='lat' dir='ltr'><strong>est</strong></span> <span class='ocrx_word' id='word_1_67' title='bbox 1366 656 1430 682; x_wconf 88' lang='lat' dir='ltr'><strong>cur</strong></span> <span class='ocrx_word' id='word_1_68' title='bbox 1452 646 1546 682; x_wconf 89' lang='lat' dir='ltr'><strong>hunc</strong></span> <span class='ocrx_word' id='word_1_69' title='bbox 1579 658 1659 684; x_wconf 86' lang='lat' dir='ltr'><strong>cum</strong></span> <span class='ocrx_word' id='word_1_70' title='bbox 1682 649 1748 687; x_wconf 93' lang='lat' dir='ltr'><strong>illo</strong></span> 
     </span>
     <span class='ocr_line' id='line_1_9' title="bbox 248 703 1748 751; baseline 0 -8"><span class='ocrx_word' id='word_1_71' title='bbox 248 707 364 744; x_wconf 89' lang='lat' dir='ltr'><strong>artius</strong></span> <span class='ocrx_word' id='word_1_72' title='bbox 388 706 626 742; x_wconf 82' lang='lat' dir='ltr'><strong>conferamus.</strong></span> <span class='ocrx_word' id='word_1_73' title='bbox 648 724 695 730; x_wconf 91' lang='lat'>—</span> <span class='ocrx_word' id='word_1_74' title='bbox 717 704 796 740; x_wconf 90' lang='lat' dir='ltr'><strong>Iam</strong></span> <span class='ocrx_word' id='word_1_75' title='bbox 818 703 946 749; x_wconf 87' lang='lat' dir='ltr'><strong>liquet,</strong></span> <span class='ocrx_word' id='word_1_76' title='bbox 973 703 1060 749; x_wconf 88' lang='lat' dir='ltr'><strong>quid</strong></span> <span class='ocrx_word' id='word_1_77' title='bbox 1078 714 1143 740; x_wconf 93' lang='lat' dir='ltr'><strong>nos</strong></span> <span class='ocrx_word' id='word_1_78' title='bbox 1163 704 1207 739; x_wconf 90' lang='lat' dir='ltr'><strong>de</strong></span> <span class='ocrx_word' id='word_1_79' title='bbox 1226 704 1379 749; x_wconf 75' lang='lat' dir='ltr'><strong>antiqua</strong></span> <span class='ocrx_word' id='word_1_80' title='bbox 1400 704 1468 739; x_wconf 76' lang='lat' dir='ltr'><strong>illa</strong></span> <span class='ocrx_word' id='word_1_81' title='bbox 1483 704 1612 749; x_wconf 76' lang='lat' dir='ltr'><strong>foma</strong></span> <span class='ocrx_word' id='word_1_82' title='bbox 1633 717 1748 751; x_wconf 90' lang='lat' dir='ltr'><strong>usque</strong></span> 
     </span>
     <span class='ocr_line' id='line_1_10' title="bbox 247 760 1747 808; baseline 0 -8"><span class='ocrx_word' id='word_1_83' title='bbox 247 765 293 800; x_wconf 91' lang='lat' dir='ltr'><strong>ad</strong></span> <span class='ocrx_word' id='word_1_84' title='bbox 317 763 433 800; x_wconf 85' lang='lat' dir='ltr'>v.385</span> <span class='ocrx_word' id='word_1_85' title='bbox 456 762 666 808; x_wconf 83' lang='lat' dir='ltr'><strong>pertinente</strong></span> <span class='ocrx_word' id='word_1_86' title='bbox 692 760 905 808; x_wconf 83' lang='lat' dir='ltr'><strong>cogitemus,</strong></span> <span class='ocrx_word' id='word_1_87' title='bbox 930 772 1039 806; x_wconf 91' lang='lat' dir='ltr'><strong>quam</strong></span> <span class='ocrx_word' id='word_1_88' title='bbox 1061 762 1313 797; x_wconf 75' lang='lat' dir='ltr'><strong>Franckenius</strong></span> <span class='ocrx_word' id='word_1_89' title='bbox 1335 760 1532 806; x_wconf 83' lang='lat' dir='ltr'><strong>indagasse</strong></span> <span class='ocrx_word' id='word_1_90' title='bbox 1555 762 1625 798; x_wconf 89' lang='lat' dir='ltr'><strong>sibi</strong></span> <span class='ocrx_word' id='word_1_91' title='bbox 1647 763 1747 800; x_wconf 86' lang='lat' dir='ltr'><strong>vide-</strong></span> 
     </span>
     <span class='ocr_line' id='line_1_11' title="bbox 247 817 1747 867; baseline 0 -9"><span class='ocrx_word' id='word_1_92' title='bbox 247 825 318 858; x_wconf 88' lang='lat' dir='ltr'><strong>tur.</strong></span> <span class='ocrx_word' id='word_1_93' title='bbox 373 820 517 867; x_wconf 67' lang='lat' dir='ltr'><strong>Ussinqi</strong></span> <span class='ocrx_word' id='word_1_94' title='bbox 540 817 829 855; x_wconf 76' lang='lat' dir='ltr'><strong>emendationem</strong></span> <span class='ocrx_word' id='word_1_95' title='bbox 852 830 887 855; x_wconf 87' lang='lat' dir='ltr'><strong>v.</strong></span> <span class='ocrx_word' id='word_1_96' title='bbox 910 818 979 855; x_wconf 85' lang='lat'><strong>285</strong></span> <span class='ocrx_word' id='word_1_97' title='bbox 1001 819 1171 855; x_wconf 80' lang='lat' dir='ltr'><strong>lacunam</strong></span> <span class='ocrx_word' id='word_1_98' title='bbox 1193 817 1439 864; x_wconf 76' lang='lat' dir='ltr'><strong>repudiantis:</strong></span> <span class='ocrx_word' id='word_1_99' title='bbox 1475 818 1579 865; x_wconf 89' lang='lat' dir='ltr'><strong>,Nam</strong></span> <span class='ocrx_word' id='word_1_100' title='bbox 1602 823 1641 856; x_wconf 92' lang='lat' dir='ltr'><strong>te</strong></span> <span class='ocrx_word' id='word_1_101' title='bbox 1664 822 1747 858; x_wconf 90' lang='lat' dir='ltr'><strong>nolo</strong></span> 
     </span>
     <span class='ocr_line' id='line_1_12' title="bbox 248 875 1748 923; baseline 0 -9"><span class='ocrx_word' id='word_1_102' title='bbox 248 888 365 923; x_wconf 90' lang='lat' dir='ltr'><strong>neque</strong></span> <span class='ocrx_word' id='word_1_103' title='bbox 404 888 495 923; x_wconf 87' lang='lat' dir='ltr'><strong>opus</strong></span> <span class='ocrx_word' id='word_1_104' title='bbox 530 876 678 912; x_wconf 84' lang='lat' dir='ltr'><strong>factost‘</strong></span> <span class='ocrx_word' id='word_1_105' title='bbox 716 886 797 911; x_wconf 88' lang='lat' dir='ltr'><strong>cum</strong></span> <span class='ocrx_word' id='word_1_106' title='bbox 831 875 904 911; x_wconf 89' lang='lat' dir='ltr'><strong>iam</strong></span> <span class='ocrx_word' id='word_1_107' title='bbox 927 876 1128 911; x_wconf 65' lang='lat' dir='ltr'><strong>Lorenzius</strong></span> <span class='ocrx_word' id='word_1_108' title='bbox 1150 876 1175 910; x_wconf 90' lang='lat'><strong>1.</strong></span> <span class='ocrx_word' id='word_1_109' title='bbox 1200 886 1228 911; x_wconf 88' lang='lat' dir='ltr'><strong>s.</strong></span> <span class='ocrx_word' id='word_1_110' title='bbox 1253 887 1282 911; x_wconf 89' lang='lat' dir='ltr'><strong>s.</strong></span> <span class='ocrx_word' id='word_1_111' title='bbox 1319 876 1485 921; x_wconf 75' lang='lat' dir='ltr'><strong>Haspero</strong></span> <span class='ocrx_word' id='word_1_112' title='bbox 1524 878 1748 914; x_wconf 84' lang='lat' dir='ltr'><strong>assentiente</strong></span> 
     </span>
     <span class='ocr_line' id='line_1_13' title="bbox 248 931 1748 982; baseline 0.001 -10"><span class='ocrx_word' id='word_1_113' title='bbox 248 935 384 982; x_wconf 89' lang='lat' dir='ltr'><strong>optimo</strong></span> <span class='ocrx_word' id='word_1_114' title='bbox 419 933 498 970; x_wconf 89' lang='lat' dir='ltr'><strong>iure</strong></span> <span class='ocrx_word' id='word_1_115' title='bbox 534 931 756 980; x_wconf 84' lang='lat' dir='ltr'><strong>probaverit,</strong></span> <span class='ocrx_word' id='word_1_116' title='bbox 794 931 901 969; x_wconf 87' lang='lat' dir='ltr'><strong>simul</strong></span> <span class='ocrx_word' id='word_1_117' title='bbox 932 932 1101 978; x_wconf 75' lang='lat' dir='ltr'><strong>Gepperti</strong></span> <span class='ocrx_word' id='word_1_118' title='bbox 1131 933 1296 980; x_wconf 74' lang='lat' dir='ltr'><strong>Ussinqio</strong></span> <span class='ocrx_word' id='word_1_119' title='bbox 1331 936 1520 980; x_wconf 89' lang='lat' dir='ltr'><strong>acceptam</strong></span> <span class='ocrx_word' id='word_1_120' title='bbox 1554 935 1748 974; x_wconf 89' lang='lat' dir='ltr'><strong>lectionem</strong></span> 
     </span>
     <span class='ocr_line' id='line_1_14' title="bbox 248 990 1747 1038; baseline 0 -8"><span class='ocrx_word' id='word_1_121' title='bbox 248 1005 282 1030; x_wconf 84' lang='lat' dir='ltr'><strong>v.</strong></span> <span class='ocrx_word' id='word_1_122' title='bbox 305 992 376 1029; x_wconf 86' lang='lat'><strong>288</strong></span> <span class='ocrx_word' id='word_1_123' title='bbox 398 993 462 1028; x_wconf 78' lang='lat' dir='ltr'><strong>abs</strong></span> <span class='ocrx_word' id='word_1_124' title='bbox 492 996 525 1028; x_wconf 84' lang='lat' dir='ltr'><strong>te</strong></span> <span class='ocrx_word' id='word_1_125' title='bbox 555 1003 619 1037; x_wconf 91' lang='lat' dir='ltr'><strong>pro</strong></span> <span class='ocrx_word' id='word_1_126' title='bbox 645 992 732 1027; x_wconf 78' lang='lat' dir='ltr'><strong>haec</strong></span> <span class='ocrx_word' id='word_1_127' title='bbox 754 995 787 1027; x_wconf 88' lang='lat' dir='ltr'><strong>te</strong></span> <span class='ocrx_word' id='word_1_128' title='bbox 816 993 963 1026; x_wconf 89' lang='lat' dir='ltr'><strong>tuentes</strong></span> <span class='ocrx_word' id='word_1_129' title='bbox 992 1002 1027 1026; x_wconf 86' lang='lat' dir='ltr'><strong>v.</strong></span> <span class='ocrx_word' id='word_1_130' title='bbox 1049 990 1210 1026; x_wconf 84' lang='lat'>285—87</span> <span class='ocrx_word' id='word_1_131' title='bbox 1235 991 1328 1035; x_wconf 55' lang='grc' dir='ltr'>(ὥς.)</span> <span class='ocrx_word' id='word_1_132' title='bbox 1359 995 1443 1036; x_wconf 87' lang='lat' dir='ltr'><strong>post</strong></span> <span class='ocrx_word' id='word_1_133' title='bbox 1464 992 1534 1028; x_wconf 90' lang='grc'><strong>290</strong></span> <span class='ocrx_word' id='word_1_134' title='bbox 1562 994 1747 1038; x_wconf 89' lang='lat' dir='ltr'><strong>ponendos</strong></span> 
     </span>
     <span class='ocr_line' id='line_1_15' title="bbox 249 1058 550 1086; baseline -0.003 0"><span class='ocrx_word' id='word_1_135' title='bbox 249 1059 328 1086; x_wconf 90' lang='lat' dir='ltr'><strong>esse</strong></span> <span class='ocrx_word' id='word_1_136' title='bbox 353 1058 550 1085; x_wconf 81' lang='lat' dir='ltr'><strong>censemus.</strong></span> 
     </span>
    </p>
   </div>
   <div class='ocr_carea' id='block_1_4' title="bbox 242 1137 1749 1255">
    <p class='ocr_par' dir='ltr' id='par_1_4' title="bbox 242 1137 1749 1255">
     <span class='ocr_line' id='line_1_16' title="bbox 339 1137 1749 1198; baseline 0 -9"><span class='ocrx_word' id='word_1_137' title='bbox 339 1152 399 1197; x_wconf 92' lang='grc'><strong>21)</strong></span> <span class='ocrx_word' id='word_1_138' title='bbox 424 1153 480 1188; x_wconf 90' lang='lat' dir='ltr'><strong>De</strong></span> <span class='ocrx_word' id='word_1_139' title='bbox 505 1150 789 1197; x_wconf 87' lang='lat' dir='ltr'><strong>Acropolistidis</strong></span> <span class='ocrx_word' id='word_1_140' title='bbox 814 1149 1145 1196; x_wconf 87' lang='lat' dir='ltr'><strong>Stratippoclisque</strong></span> <span class='ocrx_word' id='word_1_141' title='bbox 1170 1150 1296 1186; x_wconf 78' lang='lat' dir='ltr'><strong>futura</strong></span> <span class='ocrx_word' id='word_1_142' title='bbox 1321 1149 1526 1187; x_wconf 90' lang='lat' dir='ltr'><strong>conditione</strong></span> <span class='ocrx_word' id='word_1_143' title='bbox 1551 1151 1598 1188; x_wconf 83' lang='lat' dir='ltr'><strong>cf.</strong></span> <span class='ocrx_word' id='word_1_144' title='bbox 1615 1163 1651 1189; x_wconf 81' lang='lat' dir='ltr'><strong>v.</strong></span> <span class='ocrx_word' id='word_1_145' title='bbox 1668 1137 1749 1198; x_wconf 69' lang='lat'><strong>604,</strong></span> 
     </span>
     <span class='ocr_line' id='line_1_17' title="bbox 242 1206 1232 1255; baseline -0.002 -9"><span class='ocrx_word' id='word_1_146' title='bbox 242 1208 322 1255; x_wconf 85' lang='lat'><strong>643,</strong></span> <span class='ocrx_word' id='word_1_147' title='bbox 346 1210 441 1246; x_wconf 89' lang='lat' dir='ltr'><strong>unde</strong></span> <span class='ocrx_word' id='word_1_148' title='bbox 465 1208 594 1245; x_wconf 91' lang='lat' dir='ltr'><strong>militis</strong></span> <span class='ocrx_word' id='word_1_149' title='bbox 618 1218 761 1254; x_wconf 90' lang='lat' dir='ltr'><strong>quoque</strong></span> <span class='ocrx_word' id='word_1_150' title='bbox 785 1210 921 1244; x_wconf 87' lang='lat' dir='ltr'><strong>sortem</strong></span> <span class='ocrx_word' id='word_1_151' title='bbox 946 1206 1109 1243; x_wconf 90' lang='lat' dir='ltr'><strong>conicere</strong></span> <span class='ocrx_word' id='word_1_152' title='bbox 1133 1207 1232 1244; x_wconf 87' lang='lat' dir='ltr'><strong>licet.</strong></span> 
     </span>
    </p>
   </div>
   <div class='ocr_carea' id='block_1_5' title="bbox 241 1309 1748 1802">
    <p class='ocr_par' dir='ltr' id='par_1_5' title="bbox 241 1309 1748 1802">
     <span class='ocr_line' id='line_1_18' title="bbox 334 1309 1748 1357; baseline 0.001 -10"><span class='ocrx_word' id='word_1_153' title='bbox 334 1311 392 1356; x_wconf 90' lang='grc'><strong>22)</strong></span> <span class='ocrx_word' id='word_1_154' title='bbox 418 1310 473 1347; x_wconf 82' lang='lat' dir='ltr'><strong>cf.</strong></span> <span class='ocrx_word' id='word_1_155' title='bbox 497 1310 566 1347; x_wconf 85' lang='lat' dir='ltr'><strong>hac</strong></span> <span class='ocrx_word' id='word_1_156' title='bbox 590 1311 634 1346; x_wconf 91' lang='lat' dir='ltr'><strong>de</strong></span> <span class='ocrx_word' id='word_1_157' title='bbox 658 1320 699 1347; x_wconf 90' lang='lat' dir='ltr'><strong>re</strong></span> <span class='ocrx_word' id='word_1_158' title='bbox 722 1310 922 1357; x_wconf 69' lang='lat' dir='ltr'><strong>Lanqrehr.</strong></span> <span class='ocrx_word' id='word_1_159' title='bbox 947 1310 972 1346; x_wconf 89' lang='lat'><strong>1.</strong></span> <span class='ocrx_word' id='word_1_160' title='bbox 997 1321 1026 1346; x_wconf 87' lang='lat' dir='ltr'><strong>s.</strong></span> <span class='ocrx_word' id='word_1_161' title='bbox 1051 1320 1079 1346; x_wconf 92' lang='lat' dir='ltr'><strong>s.</strong></span> <span class='ocrx_word' id='word_1_162' title='bbox 1109 1321 1144 1355; x_wconf 88' lang='lat' dir='ltr'><strong>p.</strong></span> <span class='ocrx_word' id='word_1_163' title='bbox 1169 1309 1225 1356; x_wconf 88' lang='grc'><strong>16,</strong></span> <span class='ocrx_word' id='word_1_164' title='bbox 1252 1309 1354 1353; x_wconf 83' lang='lat' dir='ltr'><strong>cuius</strong></span> <span class='ocrx_word' id='word_1_165' title='bbox 1378 1310 1612 1347; x_wconf 52' lang='lat' dir='ltr'><strong>sententiam¹</strong></span> <span class='ocrx_word' id='word_1_166' title='bbox 1635 1315 1680 1348; x_wconf 89' lang='lat' dir='ltr'><strong>ut</strong></span> <span class='ocrx_word' id='word_1_167' title='bbox 1702 1313 1748 1349; x_wconf 89' lang='lat' dir='ltr'><strong>de</strong></span> 
     </span>
     <span class='ocr_line' id='line_1_19' title="bbox 244 1366 1748 1414; baseline 0.001 -10"><span class='ocrx_word' id='word_1_168' title='bbox 244 1367 551 1405; x_wconf 83' lang='lat' dir='ltr'><strong>contaminatione</strong></span> <span class='ocrx_word' id='word_1_169' title='bbox 575 1379 649 1405; x_wconf 89' lang='lat' dir='ltr'><strong>non</strong></span> <span class='ocrx_word' id='word_1_170' title='bbox 671 1369 874 1414; x_wconf 85' lang='lat' dir='ltr'><strong>probamus,</strong></span> <span class='ocrx_word' id='word_1_171' title='bbox 899 1367 955 1403; x_wconf 86' lang='lat' dir='ltr'><strong>ita</strong></span> <span class='ocrx_word' id='word_1_172' title='bbox 979 1367 1024 1403; x_wconf 85' lang='lat' dir='ltr'><strong>de</strong></span> <span class='ocrx_word' id='word_1_173' title='bbox 1047 1366 1312 1404; x_wconf 82' lang='lat' dir='ltr'><strong>retractatione</strong></span> <span class='ocrx_word' id='word_1_174' title='bbox 1345 1379 1426 1404; x_wconf 91' lang='lat' dir='ltr'><strong>cum</strong></span> <span class='ocrx_word' id='word_1_175' title='bbox 1455 1371 1582 1405; x_wconf 86' lang='lat' dir='ltr'><strong>nostra</strong></span> <span class='ocrx_word' id='word_1_176' title='bbox 1604 1369 1748 1407; x_wconf 89' lang='lat' dir='ltr'><strong>ratione</strong></span> 
     </span>
     <span class='ocr_line' id='line_1_20' title="bbox 245 1425 1746 1471; baseline 0.001 -10"><span class='ocrx_word' id='word_1_177' title='bbox 245 1436 445 1471; x_wconf 81' lang='lat' dir='ltr'><strong>congruere</strong></span> <span class='ocrx_word' id='word_1_178' title='bbox 456 1437 528 1462; x_wconf 89' lang='lat' dir='ltr'><strong>non</strong></span> <span class='ocrx_word' id='word_1_179' title='bbox 541 1425 620 1462; x_wconf 90' lang='lat' dir='ltr'><strong>sine</strong></span> <span class='ocrx_word' id='word_1_180' title='bbox 635 1426 829 1471; x_wconf 85' lang='lat' dir='ltr'><strong>voluptate</strong></span> <span class='ocrx_word' id='word_1_181' title='bbox 846 1425 1041 1470; x_wconf 79' lang='lat' dir='ltr'><strong>sensimus3</strong></span> <span class='ocrx_word' id='word_1_182' title='bbox 1065 1435 1285 1469; x_wconf 88' lang='lat' dir='ltr'><strong>quamquam</strong></span> <span class='ocrx_word' id='word_1_183' title='bbox 1298 1428 1432 1470; x_wconf 85' lang='lat' dir='ltr'><strong>autem,</strong></span> <span class='ocrx_word' id='word_1_184' title='bbox 1457 1425 1496 1461; x_wconf 90' lang='lat' dir='ltr'><strong>id</strong></span> <span class='ocrx_word' id='word_1_185' title='bbox 1513 1426 1609 1470; x_wconf 91' lang='lat' dir='ltr'><strong>quod</strong></span> <span class='ocrx_word' id='word_1_186' title='bbox 1629 1426 1746 1463; x_wconf 86' lang='lat' dir='ltr'><strong>serius</strong></span> 
     </span>
     <span class='ocr_line' id='line_1_21' title="bbox 242 1481 1745 1529; baseline 0.001 -11"><span class='ocrx_word' id='word_1_187' title='bbox 242 1493 307 1518; x_wconf 89' lang='lat' dir='ltr'><strong>uos</strong></span> <span class='ocrx_word' id='word_1_188' title='bbox 320 1482 621 1519; x_wconf 83' lang='lat' dir='ltr'><strong>animadvertisse</strong></span> <span class='ocrx_word' id='word_1_189' title='bbox 639 1482 788 1529; x_wconf 89' lang='lat' dir='ltr'><strong>propria</strong></span> <span class='ocrx_word' id='word_1_190' title='bbox 806 1481 992 1518; x_wconf 88' lang='lat' dir='ltr'><strong>sententia</strong></span> <span class='ocrx_word' id='word_1_191' title='bbox 1010 1482 1218 1518; x_wconf 86' lang='lat' dir='ltr'><strong>iamdudum</strong></span> <span class='ocrx_word' id='word_1_192' title='bbox 1238 1482 1374 1518; x_wconf 89' lang='lat' dir='ltr'><strong>chartis</strong></span> <span class='ocrx_word' id='word_1_193' title='bbox 1387 1482 1560 1518; x_wconf 90' lang='lat' dir='ltr'><strong>mandata</strong></span> <span class='ocrx_word' id='word_1_194' title='bbox 1572 1482 1745 1529; x_wconf 88' lang='lat' dir='ltr'><strong>dolemus,</strong></span> 
     </span>
     <span class='ocr_line' id='line_1_22' title="bbox 243 1539 1745 1586; baseline 0.001 -11"><span class='ocrx_word' id='word_1_195' title='bbox 243 1539 418 1575; x_wconf 88' lang='lat' dir='ltr'><strong>nonnulla</strong></span> <span class='ocrx_word' id='word_1_196' title='bbox 443 1550 576 1586; x_wconf 89' lang='lat' dir='ltr'><strong>eorum,</strong></span> <span class='ocrx_word' id='word_1_197' title='bbox 602 1550 696 1585; x_wconf 86' lang='lat' dir='ltr'><strong>quae</strong></span> <span class='ocrx_word' id='word_1_198' title='bbox 722 1540 826 1575; x_wconf 90' lang='lat' dir='ltr'><strong>modo</strong></span> <span class='ocrx_word' id='word_1_199' title='bbox 850 1539 1049 1575; x_wconf 86' lang='lat' dir='ltr'><strong>tractaturi</strong></span> <span class='ocrx_word' id='word_1_200' title='bbox 1075 1550 1208 1584; x_wconf 89' lang='lat' dir='ltr'><strong>sumus,</strong></span> <span class='ocrx_word' id='word_1_201' title='bbox 1233 1540 1277 1575; x_wconf 90' lang='lat' dir='ltr'><strong>ab</strong></span> <span class='ocrx_word' id='word_1_202' title='bbox 1303 1540 1365 1575; x_wconf 91' lang='lat' dir='ltr'><strong>illo</strong></span> <span class='ocrx_word' id='word_1_203' title='bbox 1390 1540 1468 1578; x_wconf 85' lang='lat' dir='ltr'><strong>fere</strong></span> <span class='ocrx_word' id='word_1_204' title='bbox 1493 1540 1618 1575; x_wconf 88' lang='lat' dir='ltr'><strong>eodem</strong></span> <span class='ocrx_word' id='word_1_205' title='bbox 1641 1541 1745 1576; x_wconf 89' lang='lat' dir='ltr'><strong>modo</strong></span> 
     </span>
     <span class='ocr_line' id='line_1_23' title="bbox 243 1595 1743 1641; baseline 0.001 -10"><span class='ocrx_word' id='word_1_206' title='bbox 243 1596 441 1641; x_wconf 91' lang='lat' dir='ltr'><strong>explanata</strong></span> <span class='ocrx_word' id='word_1_207' title='bbox 470 1599 566 1641; x_wconf 90' lang='lat' dir='ltr'><strong>sunt,</strong></span> <span class='ocrx_word' id='word_1_208' title='bbox 596 1599 639 1631; x_wconf 91' lang='lat' dir='ltr'><strong>ut</strong></span> <span class='ocrx_word' id='word_1_209' title='bbox 662 1607 697 1632; x_wconf 85' lang='lat' dir='ltr'><strong>v.</strong></span> <span class='ocrx_word' id='word_1_210' title='bbox 721 1596 743 1631; x_wconf 90' lang='lat'>5</span> <span class='ocrx_word' id='word_1_211' title='bbox 768 1607 845 1640; x_wconf 90' lang='lat' dir='ltr'><strong>sqq.</strong></span> <span class='ocrx_word' id='word_1_212' title='bbox 870 1599 909 1631; x_wconf 92' lang='lat' dir='ltr'><strong>et</strong></span> <span class='ocrx_word' id='word_1_213' title='bbox 931 1607 965 1631; x_wconf 84' lang='lat' dir='ltr'><strong>v.</strong></span> <span class='ocrx_word' id='word_1_214' title='bbox 989 1596 1137 1640; x_wconf 83' lang='lat'><strong>37-38,</strong></span> <span class='ocrx_word' id='word_1_215' title='bbox 1170 1599 1292 1630; x_wconf 91' lang='lat' dir='ltr'><strong>tamen</strong></span> <span class='ocrx_word' id='word_1_216' title='bbox 1322 1598 1449 1631; x_wconf 90' lang='lat' dir='ltr'><strong>nostra</strong></span> <span class='ocrx_word' id='word_1_217' title='bbox 1472 1595 1669 1640; x_wconf 88' lang='lat' dir='ltr'><strong>reprimere</strong></span> <span class='ocrx_word' id='word_1_218' title='bbox 1701 1608 1743 1633; x_wconf 91' lang='lat' dir='ltr'><strong>eo</strong></span> 
     </span>
     <span class='ocr_line' id='line_1_24' title="bbox 241 1652 1745 1699; baseline 0.001 -11"><span class='ocrx_word' id='word_1_219' title='bbox 241 1652 417 1688; x_wconf 88' lang='lat' dir='ltr'><strong>libentius</strong></span> <span class='ocrx_word' id='word_1_220' title='bbox 441 1652 660 1696; x_wconf 87' lang='lat' dir='ltr'><strong>dubitamus,</strong></span> <span class='ocrx_word' id='word_1_221' title='bbox 698 1663 768 1697; x_wconf 91' lang='lat' dir='ltr'><strong>quo</strong></span> <span class='ocrx_word' id='word_1_222' title='bbox 793 1652 955 1688; x_wconf 89' lang='lat' dir='ltr'><strong>strictius</strong></span> <span class='ocrx_word' id='word_1_223' title='bbox 979 1653 1245 1699; x_wconf 62' lang='lat' dir='ltr'><strong>Lanarehrium</strong></span> <span class='ocrx_word' id='word_1_224' title='bbox 1269 1652 1313 1687; x_wconf 92' lang='lat' dir='ltr'><strong>de</strong></span> <span class='ocrx_word' id='word_1_225' title='bbox 1342 1662 1382 1688; x_wconf 86' lang='lat' dir='ltr'><strong>re</strong></span> <span class='ocrx_word' id='word_1_226' title='bbox 1414 1652 1534 1699; x_wconf 85' lang='lat' dir='ltr'><strong>egisse</strong></span> <span class='ocrx_word' id='word_1_227' title='bbox 1563 1652 1745 1689; x_wconf 83' lang='lat' dir='ltr'><strong>videmus:</strong></span> 
     </span>
     <span class='ocr_line' id='line_1_25' title="bbox 243 1709 1746 1756; baseline 0.001 -11"><span class='ocrx_word' id='word_1_228' title='bbox 243 1709 398 1754; x_wconf 85' lang='lat' dir='ltr'><strong>accedit,</strong></span> <span class='ocrx_word' id='word_1_229' title='bbox 425 1710 521 1754; x_wconf 90' lang='lat' dir='ltr'><strong>quod</strong></span> <span class='ocrx_word' id='word_1_230' title='bbox 544 1709 747 1745; x_wconf 87' lang='lat' dir='ltr'><strong>recentiore</strong></span> <span class='ocrx_word' id='word_1_231' title='bbox 772 1713 934 1755; x_wconf 88' lang='lat' dir='ltr'><strong>tempore</strong></span> <span class='ocrx_word' id='word_1_232' title='bbox 958 1709 1033 1745; x_wconf 86' lang='lat' dir='ltr'><strong>alia</strong></span> <span class='ocrx_word' id='word_1_233' title='bbox 1056 1709 1200 1754; x_wconf 88' lang='lat' dir='ltr'><strong>prolata</strong></span> <span class='ocrx_word' id='word_1_234' title='bbox 1225 1713 1321 1752; x_wconf 89' lang='lat' dir='ltr'><strong>sunt,</strong></span> <span class='ocrx_word' id='word_1_235' title='bbox 1346 1720 1440 1754; x_wconf 89' lang='lat' dir='ltr'><strong>quae</strong></span> <span class='ocrx_word' id='word_1_236' title='bbox 1455 1720 1527 1745; x_wconf 88' lang='lat' dir='ltr'><strong>non</strong></span> <span class='ocrx_word' id='word_1_237' title='bbox 1545 1710 1746 1756; x_wconf 84' lang='lat' dir='ltr'><strong>neglegere</strong></span> 
     </span>
     <span class='ocr_line' id='line_1_26' title="bbox 244 1766 514 1802; baseline 0 -1"><span class='ocrx_word' id='word_1_238' title='bbox 244 1769 408 1802; x_wconf 81' lang='lat' dir='ltr'><strong>nostrum</strong></span> <span class='ocrx_word' id='word_1_239' title='bbox 433 1766 514 1801; x_wconf 87' lang='lat' dir='ltr'><strong>erit.</strong></span> 
     </span>
    </p>
   </div>
   <div class='ocr_carea' id='block_1_6' title="bbox 242 1868 1746 2027">
    <p class='ocr_par' dir='ltr' id='par_1_6' title="bbox 242 1868 1746 2027">
     <span class='ocr_line' id='line_1_27' title="bbox 335 1868 1746 1917; baseline 0.003 -13"><span class='ocrx_word' id='word_1_240' title='bbox 335 1868 393 1913; x_wconf 91' lang='grc'><strong>23)</strong></span> <span class='ocrx_word' id='word_1_241' title='bbox 429 1869 616 1915; x_wconf 69' lang='lat' dir='ltr'><strong>Ussinqius</strong></span> <span class='ocrx_word' id='word_1_242' title='bbox 640 1869 854 1914; x_wconf 65' lang='lat' dir='ltr'><strong>Gemuertum</strong></span> <span class='ocrx_word' id='word_1_243' title='bbox 884 1872 1030 1905; x_wconf 90' lang='lat' dir='ltr'><strong>secutus</strong></span> <span class='ocrx_word' id='word_1_244' title='bbox 1060 1872 1179 1904; x_wconf 90' lang='lat' dir='ltr'><strong>totum</strong></span> <span class='ocrx_word' id='word_1_245' title='bbox 1209 1880 1243 1904; x_wconf 85' lang='lat' dir='ltr'><strong>v.</strong></span> <span class='ocrx_word' id='word_1_246' title='bbox 1269 1870 1292 1905; x_wconf 90' lang='grc'><strong>9</strong></span> <span class='ocrx_word' id='word_1_247' title='bbox 1320 1869 1472 1915; x_wconf 84' lang='lat' dir='ltr'><strong>Epidico</strong></span> <span class='ocrx_word' id='word_1_248' title='bbox 1497 1869 1641 1916; x_wconf 86' lang='lat' dir='ltr'><strong>tribuit,</strong></span> <span class='ocrx_word' id='word_1_249' title='bbox 1673 1883 1746 1917; x_wconf 86' lang='lat' dir='ltr'><strong>qua</strong></span> 
     </span>
     <span class='ocr_line' id='line_1_28' title="bbox 242 1925 1745 1976; baseline 0.003 -15"><span class='ocrx_word' id='word_1_250' title='bbox 242 1935 282 1961; x_wconf 91' lang='lat' dir='ltr'><strong>re</strong></span> <span class='ocrx_word' id='word_1_251' title='bbox 305 1930 432 1962; x_wconf 85' lang='lat' dir='ltr'><strong>nostra</strong></span> <span class='ocrx_word' id='word_1_252' title='bbox 455 1925 551 1962; x_wconf 89' lang='lat' dir='ltr'><strong>ratio</strong></span> <span class='ocrx_word' id='word_1_253' title='bbox 582 1937 655 1962; x_wconf 89' lang='lat' dir='ltr'><strong>non</strong></span> <span class='ocrx_word' id='word_1_254' title='bbox 678 1926 860 1963; x_wconf 87' lang='lat' dir='ltr'><strong>turbatur.</strong></span> <span class='ocrx_word' id='word_1_255' title='bbox 907 1925 1087 1971; x_wconf 86' lang='lat' dir='ltr'><strong>Equidem</strong></span> <span class='ocrx_word' id='word_1_256' title='bbox 1112 1926 1263 1963; x_wconf 76' lang='lat' dir='ltr'><strong>Gruteri</strong></span> <span class='ocrx_word' id='word_1_257' title='bbox 1294 1925 1464 1973; x_wconf 84' lang='lat' dir='ltr'><strong>vestigiis</strong></span> <span class='ocrx_word' id='word_1_258' title='bbox 1495 1926 1639 1964; x_wconf 88' lang='lat' dir='ltr'><strong>innixus</strong></span> <span class='ocrx_word' id='word_1_259' title='bbox 1664 1940 1745 1976; x_wconf 85' lang='lat' dir='ltr'><strong>pro-</strong></span> 
     </span>
     <span class='ocr_line' id='line_1_29' title="bbox 242 1982 529 2027; baseline 0.007 -10"><span class='ocrx_word' id='word_1_260' title='bbox 242 1992 377 2027; x_wconf 85' lang='lat' dir='ltr'><strong>ponere</strong></span> <span class='ocrx_word' id='word_1_261' title='bbox 401 1982 529 2019; x_wconf 80' lang='lat' dir='ltr'><strong>velim:</strong></span> 
     </span>
    </p>
   </div>
   <div class='ocr_carea' id='block_1_7' title="bbox 288 2028 1743 2153">
    <p class='ocr_par' dir='ltr' id='par_1_7' title="bbox 288 2028 1743 2153">
     <span class='ocr_line' id='line_1_30' title="bbox 288 2028 1743 2098; baseline 0.003 -14"><span class='ocrx_word' id='word_1_262' title='bbox 288 2050 358 2095; x_wconf 56' lang='lat' dir='ltr'><strong>sp.</strong></span> <span class='ocrx_word' id='word_1_263' title='bbox 399 2049 493 2094; x_wconf 81' lang='lat' dir='ltr'><strong>Quid</strong></span> <span class='ocrx_word' id='word_1_264' title='bbox 517 2053 560 2087; x_wconf 91' lang='lat' dir='ltr'><strong>tu</strong></span> <span class='ocrx_word' id='word_1_265' title='bbox 584 2028 690 2097; x_wconf 82' lang='lat' dir='ltr'><strong>agis?</strong></span> <span class='ocrx_word' id='word_1_266' title='bbox 715 2054 759 2087; x_wconf 92' lang='lat' dir='ltr'><strong>ut</strong></span> <span class='ocrx_word' id='word_1_267' title='bbox 782 2051 908 2087; x_wconf 81' lang='lat' dir='ltr'><strong>vales?</strong></span> <span class='ocrx_word' id='word_1_268' title='bbox 959 2051 1023 2086; x_wconf 76' lang='lat' dir='ltr'><strong>Th.</strong></span> <span class='ocrx_word' id='word_1_269' title='bbox 1057 2050 1272 2096; x_wconf 85' lang='lat' dir='ltr'><strong>Exemplum</strong></span> <span class='ocrx_word' id='word_1_270' title='bbox 1296 2050 1412 2086; x_wconf 82' lang='lat' dir='ltr'><strong>adest.</strong></span> <span class='ocrx_word' id='word_1_271' title='bbox 1435 2051 1506 2096; x_wconf 74' lang='lat' dir='ltr'><strong>Ep.</strong></span> <span class='ocrx_word' id='word_1_272' title='bbox 1543 2051 1743 2098; x_wconf 84' lang='lat' dir='ltr'><strong>Intellego!</strong></span> 
     </span>
     <span class='ocr_line' id='line_1_31' title="bbox 488 2108 1528 2153; baseline 0.004 -14"><span class='ocrx_word' id='word_1_273' title='bbox 488 2113 490 2115; x_wconf 68' lang='grc'><strong><em>’</em></strong></span> <span class='ocrx_word' id='word_1_274' title='bbox 1334 2108 1528 2153; x_wconf 79' lang='lat' dir='ltr'><strong>Eugepael</strong></span> 
     </span>
    </p>
   </div>
   <div class='ocr_carea' id='block_1_8' title="bbox 240 2208 1744 2775">
    <p class='ocr_par' dir='ltr' id='par_1_8' title="bbox 240 2208 1744 2775">
     <span class='ocr_line' id='line_1_32' title="bbox 332 2208 1743 2257; baseline 0 -11"><span class='ocrx_word' id='word_1_275' title='bbox 332 2209 391 2254; x_wconf 82' lang='lat'><strong>24)</strong></span> <span class='ocrx_word' id='word_1_276' title='bbox 418 2210 472 2246; x_wconf 86' lang='lat' dir='ltr'><strong>Of.</strong></span> <span class='ocrx_word' id='word_1_277' title='bbox 497 2211 763 2257; x_wconf 67' lang='lat' dir='ltr'><strong>Lamyrehrium</strong></span> <span class='ocrx_word' id='word_1_278' title='bbox 787 2210 865 2246; x_wconf 90' lang='lat' dir='ltr'><strong>sine</strong></span> <span class='ocrx_word' id='word_1_279' title='bbox 885 2209 1138 2245; x_wconf 85' lang='lat' dir='ltr'><strong>emendatione</strong></span> <span class='ocrx_word' id='word_1_280' title='bbox 1155 2219 1232 2244; x_wconf 90' lang='lat' dir='ltr'><strong>rem</strong></span> <span class='ocrx_word' id='word_1_281' title='bbox 1250 2209 1305 2244; x_wconf 85' lang='lat' dir='ltr'><strong>ita</strong></span> <span class='ocrx_word' id='word_1_282' title='bbox 1324 2208 1594 2254; x_wconf 74' lang='lat' dir='ltr'><strong>expedientem:</strong></span> <span class='ocrx_word' id='word_1_283' title='bbox 1619 2211 1743 2255; x_wconf 82' lang='lat' dir='ltr'><strong>,Quasi</strong></span> 
     </span>
     <span class='ocr_line' id='line_1_33' title="bbox 242 2266 1741 2312; baseline 0 -10"><span class='ocrx_word' id='word_1_284' title='bbox 242 2276 328 2302; x_wconf 87' lang='lat' dir='ltr'><strong>vero</strong></span> <span class='ocrx_word' id='word_1_285' title='bbox 352 2277 424 2303; x_wconf 88' lang='lat' dir='ltr'><strong>non</strong></span> <span class='ocrx_word' id='word_1_286' title='bbox 449 2267 575 2303; x_wconf 87' lang='lat' dir='ltr'><strong>eodem</strong></span> <span class='ocrx_word' id='word_1_287' title='bbox 597 2270 760 2312; x_wconf 91' lang='lat' dir='ltr'><strong>tempore</strong></span> <span class='ocrx_word' id='word_1_288' title='bbox 785 2267 900 2309; x_wconf 81' lang='lat' dir='ltr'><strong>amico</strong></span> <span class='ocrx_word' id='word_1_289' title='bbox 924 2266 1135 2312; x_wconf 85' lang='lat' dir='ltr'><strong>gratissima</strong></span> <span class='ocrx_word' id='word_1_290' title='bbox 1156 2266 1275 2302; x_wconf 90' lang='lat' dir='ltr'><strong>omnia</strong></span> <span class='ocrx_word' id='word_1_291' title='bbox 1292 2266 1435 2311; x_wconf 78' lang='lat' dir='ltr'><strong>precari</strong></span> <span class='ocrx_word' id='word_1_292' title='bbox 1458 2266 1646 2312; x_wconf 87' lang='lat' dir='ltr'><strong>possimus,</strong></span> <span class='ocrx_word' id='word_1_293' title='bbox 1671 2278 1741 2312; x_wconf 89' lang='lat' dir='ltr'><strong>quo</strong></span> 
     </span>
     <span class='ocr_line' id='line_1_34' title="bbox 241 2323 1742 2370; baseline 0 -11"><span class='ocrx_word' id='word_1_294' title='bbox 241 2323 390 2359; x_wconf 89' lang='lat' dir='ltr'><strong>nimiam</strong></span> <span class='ocrx_word' id='word_1_295' title='bbox 420 2324 498 2360; x_wconf 88' lang='lat' dir='ltr'><strong>eius</strong></span> <span class='ocrx_word' id='word_1_296' title='bbox 529 2324 814 2366; x_wconf 83' lang='lat' dir='ltr'><strong>festinationem,</strong></span> <span class='ocrx_word' id='word_1_297' title='bbox 850 2324 909 2361; x_wconf 88' lang='lat' dir='ltr'><strong>vel</strong></span> <span class='ocrx_word' id='word_1_298' title='bbox 938 2323 1188 2370; x_wconf 90' lang='lat' dir='ltr'><strong>pertinaciam,</strong></span> <span class='ocrx_word' id='word_1_299' title='bbox 1219 2324 1279 2359; x_wconf 83' lang='lat' dir='ltr'><strong>vel</strong></span> <span class='ocrx_word' id='word_1_300' title='bbox 1309 2323 1443 2359; x_wconf 88' lang='lat' dir='ltr'><strong>similia</strong></span> <span class='ocrx_word' id='word_1_301' title='bbox 1474 2324 1742 2369; x_wconf 89' lang='lat' dir='ltr'><strong>exprobramus.</strong></span> 
     </span>
     <span class='ocr_line' id='line_1_35' title="bbox 241 2380 1741 2426; baseline -0.001 -10"><span class='ocrx_word' id='word_1_302' title='bbox 241 2381 368 2426; x_wconf 87' lang='lat' dir='ltr'><strong>Neque</strong></span> <span class='ocrx_word' id='word_1_303' title='bbox 404 2381 579 2417; x_wconf 85' lang='lat' dir='ltr'><strong>eiusmodi</strong></span> <span class='ocrx_word' id='word_1_304' title='bbox 612 2381 879 2417; x_wconf 88' lang='lat' dir='ltr'><strong>exsecrationes</strong></span> <span class='ocrx_word' id='word_1_305' title='bbox 917 2381 1010 2416; x_wconf 92' lang='lat' dir='ltr'><strong>serio</strong></span> <span class='ocrx_word' id='word_1_306' title='bbox 1036 2380 1288 2425; x_wconf 82' lang='lat' dir='ltr'><strong>excipiuntur.‘</strong></span> <span class='ocrx_word' id='word_1_307' title='bbox 1335 2380 1458 2424; x_wconf 92' lang='lat' dir='ltr'><strong>Atque</strong></span> <span class='ocrx_word' id='word_1_308' title='bbox 1493 2380 1561 2415; x_wconf 88' lang='lat' dir='ltr'><strong>hoc</strong></span> <span class='ocrx_word' id='word_1_309' title='bbox 1597 2380 1741 2424; x_wconf 87' lang='lat' dir='ltr'><strong>quidem</strong></span> 
     </span>
     <span class='ocr_line' id='line_1_36' title="bbox 243 2436 1743 2484; baseline 0.001 -11"><span class='ocrx_word' id='word_1_310' title='bbox 243 2437 483 2474; x_wconf 88' lang='lat' dir='ltr'><strong>certissimum</strong></span> <span class='ocrx_word' id='word_1_311' title='bbox 506 2441 573 2474; x_wconf 86' lang='lat' dir='ltr'><strong>est.</strong></span> <span class='ocrx_word' id='word_1_312' title='bbox 605 2457 651 2463; x_wconf 88' lang='lat'>—</span> <span class='ocrx_word' id='word_1_313' title='bbox 680 2438 753 2474; x_wconf 89' lang='lat' dir='ltr'><strong>Nos</strong></span> <span class='ocrx_word' id='word_1_314' title='bbox 784 2448 926 2483; x_wconf 90' lang='lat' dir='ltr'><strong>quoque</strong></span> <span class='ocrx_word' id='word_1_315' title='bbox 957 2448 1067 2484; x_wconf 87' lang='lat' dir='ltr'><strong>supra</strong></span> <span class='ocrx_word' id='word_1_316' title='bbox 1096 2437 1203 2474; x_wconf 87' lang='lat' dir='ltr'><strong>anxie</strong></span> <span class='ocrx_word' id='word_1_317' title='bbox 1236 2436 1397 2473; x_wconf 90' lang='lat' dir='ltr'><strong>codicum</strong></span> <span class='ocrx_word' id='word_1_318' title='bbox 1425 2436 1595 2483; x_wconf 86' lang='lat' dir='ltr'><strong>vestigiis</strong></span> <span class='ocrx_word' id='word_1_319' title='bbox 1626 2437 1743 2474; x_wconf 90' lang='lat' dir='ltr'><strong>innixi</strong></span> 
     </span>
     <span class='ocr_line' id='line_1_37' title="bbox 241 2494 1741 2543; baseline 0 -12"><span class='ocrx_word' id='word_1_320' title='bbox 241 2494 508 2532; x_wconf 85' lang='lat' dir='ltr'><strong>sententiarum</strong></span> <span class='ocrx_word' id='word_1_321' title='bbox 531 2495 693 2532; x_wconf 90' lang='lat' dir='ltr'><strong>ordinem</strong></span> <span class='ocrx_word' id='word_1_322' title='bbox 711 2501 823 2541; x_wconf 88' lang='lat' dir='ltr'><strong>atque</strong></span> <span class='ocrx_word' id='word_1_323' title='bbox 843 2496 1022 2543; x_wconf 86' lang='lat' dir='ltr'><strong>originem</strong></span> <span class='ocrx_word' id='word_1_324' title='bbox 1042 2496 1238 2542; x_wconf 87' lang='lat' dir='ltr'><strong>genuinam</strong></span> <span class='ocrx_word' id='word_1_325' title='bbox 1256 2495 1352 2530; x_wconf 86' lang='lat' dir='ltr'><strong>tueri</strong></span> <span class='ocrx_word' id='word_1_326' title='bbox 1366 2495 1488 2530; x_wconf 90' lang='lat' dir='ltr'><strong>conati</strong></span> <span class='ocrx_word' id='word_1_327' title='bbox 1511 2506 1646 2539; x_wconf 74' lang='lat' dir='ltr'><strong>sumne,</strong></span> <span class='ocrx_word' id='word_1_328' title='bbox 1671 2506 1741 2540; x_wconf 90' lang='lat' dir='ltr'><strong>quo</strong></span> 
     </span>
     <span class='ocr_line' id='line_1_38' title="bbox 241 2553 1742 2601; baseline 0.002 -12"><span class='ocrx_word' id='word_1_329' title='bbox 241 2556 386 2590; x_wconf 89' lang='lat' dir='ltr'><strong>tantum</strong></span> <span class='ocrx_word' id='word_1_330' title='bbox 418 2553 583 2589; x_wconf 85' lang='lat' dir='ltr'><strong>effecisse</strong></span> <span class='ocrx_word' id='word_1_331' title='bbox 613 2554 716 2590; x_wconf 88' lang='lat' dir='ltr'><strong>nobis</strong></span> <span class='ocrx_word' id='word_1_332' title='bbox 747 2554 923 2601; x_wconf 87' lang='lat' dir='ltr'><strong>videmur,</strong></span> <span class='ocrx_word' id='word_1_333' title='bbox 953 2559 996 2591; x_wconf 93' lang='lat' dir='ltr'><strong>ut</strong></span> <span class='ocrx_word' id='word_1_334' title='bbox 1024 2558 1166 2592; x_wconf 87' lang='lat' dir='ltr'><strong>nosmet</strong></span> <span class='ocrx_word' id='word_1_335' title='bbox 1196 2554 1274 2590; x_wconf 87' lang='lat' dir='ltr'><strong>sine</strong></span> <span class='ocrx_word' id='word_1_336' title='bbox 1304 2554 1381 2590; x_wconf 89' lang='lat' dir='ltr'><strong>ulla</strong></span> <span class='ocrx_word' id='word_1_337' title='bbox 1414 2553 1642 2590; x_wconf 82' lang='lat' dir='ltr'><strong>dubitatione</strong></span> <span class='ocrx_word' id='word_1_338' title='bbox 1666 2565 1742 2592; x_wconf 87' lang='lat' dir='ltr'><strong>rem</strong></span> 
     </span>
     <span class='ocr_line' id='line_1_39' title="bbox 241 2610 1741 2659; baseline 0.003 -13"><span class='ocrx_word' id='word_1_339' title='bbox 241 2610 388 2647; x_wconf 87' lang='lat' dir='ltr'><strong>missam</strong></span> <span class='ocrx_word' id='word_1_340' title='bbox 417 2612 631 2658; x_wconf 88' lang='lat' dir='ltr'><strong>faceremus,</strong></span> <span class='ocrx_word' id='word_1_341' title='bbox 669 2612 740 2649; x_wconf 89' lang='lat' dir='ltr'><strong>nisi</strong></span> <span class='ocrx_word' id='word_1_342' title='bbox 764 2613 831 2648; x_wconf 92' lang='lat' dir='ltr'><strong>hoc</strong></span> <span class='ocrx_word' id='word_1_343' title='bbox 855 2613 934 2659; x_wconf 85' lang='lat' dir='ltr'><strong>ipso</strong></span> <span class='ocrx_word' id='word_1_344' title='bbox 965 2614 1048 2650; x_wconf 88' lang='lat' dir='ltr'><strong>loco</strong></span> <span class='ocrx_word' id='word_1_345' title='bbox 1069 2613 1198 2650; x_wconf 86' lang='lat' dir='ltr'><strong>liceret</strong></span> <span class='ocrx_word' id='word_1_346' title='bbox 1231 2613 1294 2659; x_wconf 90' lang='lat' dir='ltr'><strong>eis,</strong></span> <span class='ocrx_word' id='word_1_347' title='bbox 1334 2613 1397 2658; x_wconf 89' lang='lat' dir='ltr'><strong>qui</strong></span> <span class='ocrx_word' id='word_1_348' title='bbox 1420 2613 1538 2650; x_wconf 87' lang='lat' dir='ltr'><strong>adhuc</strong></span> <span class='ocrx_word' id='word_1_349' title='bbox 1572 2613 1611 2650; x_wconf 88' lang='lat' dir='ltr'><strong>in</strong></span> <span class='ocrx_word' id='word_1_350' title='bbox 1635 2618 1741 2651; x_wconf 85' lang='lat' dir='ltr'><strong>actus</strong></span> 
     </span>
     <span class='ocr_line' id='line_1_40' title="bbox 240 2668 1743 2716; baseline 0.003 -12"><span class='ocrx_word' id='word_1_351' title='bbox 240 2668 348 2713; x_wconf 86' lang='lat' dir='ltr'><strong>primi</strong></span> <span class='ocrx_word' id='word_1_352' title='bbox 373 2673 476 2706; x_wconf 88' lang='lat' dir='ltr'><strong>statu</strong></span> <span class='ocrx_word' id='word_1_353' title='bbox 499 2671 686 2707; x_wconf 85' lang='lat' dir='ltr'><strong>tralaticio</strong></span> <span class='ocrx_word' id='word_1_354' title='bbox 716 2670 912 2716; x_wconf 86' lang='lat' dir='ltr'><strong>haesitent,</strong></span> <span class='ocrx_word' id='word_1_355' title='bbox 945 2672 1108 2716; x_wconf 91' lang='lat' dir='ltr'><strong>exemplo</strong></span> <span class='ocrx_word' id='word_1_356' title='bbox 1140 2671 1319 2706; x_wconf 90' lang='lat' dir='ltr'><strong>commodo</strong></span> <span class='ocrx_word' id='word_1_357' title='bbox 1353 2672 1598 2707; x_wconf 89' lang='lat' dir='ltr'><strong>demonstrare</strong></span> <span class='ocrx_word' id='word_1_358' title='bbox 1629 2671 1743 2709; x_wconf 89' lang='lat' dir='ltr'><strong>etiam</strong></span> 
     </span>
     <span class='ocr_line' id='line_1_41' title="bbox 242 2724 1744 2775; baseline 0.002 -14"><span class='ocrx_word' id='word_1_359' title='bbox 242 2724 335 2775; x_wconf 84' lang='lat' dir='ltr'><strong>alias</strong></span> <span class='ocrx_word' id='word_1_360' title='bbox 359 2727 519 2763; x_wconf 87' lang='lat' dir='ltr'><strong>medelas</strong></span> <span class='ocrx_word' id='word_1_361' title='bbox 543 2728 647 2764; x_wconf 88' lang='lat' dir='ltr'><strong>nobis</strong></span> <span class='ocrx_word' id='word_1_362' title='bbox 672 2730 917 2773; x_wconf 62' lang='lat' dir='ltr'><strong>praesto‘esse</strong></span> <span class='ocrx_word' id='word_1_363' title='bbox 942 2728 988 2764; x_wconf 90' lang='lat' dir='ltr'><strong>ad</strong></span> <span class='ocrx_word' id='word_1_364' title='bbox 1004 2731 1191 2773; x_wconf 87' lang='lat' dir='ltr'><strong>corruptos</strong></span> <span class='ocrx_word' id='word_1_365' title='bbox 1212 2728 1308 2763; x_wconf 90' lang='lat' dir='ltr'><strong>locos</strong></span> <span class='ocrx_word' id='word_1_366' title='bbox 1327 2728 1572 2773; x_wconf 88' lang='lat' dir='ltr'><strong>persanandos</strong></span> <span class='ocrx_word' id='word_1_367' title='bbox 1597 2740 1619 2764; x_wconf 90' lang='lat' dir='ltr'><strong>a</strong></span> <span class='ocrx_word' id='word_1_368' title='bbox 1643 2731 1744 2766; x_wconf 88' lang='lat' dir='ltr'><strong>nullo</strong></span> 
     </span>
    </p>
   </div>
   <div class='ocr_carea' id='block_1_9' title="bbox 178 2785 1744 2838">
    <p class='ocr_par' dir='ltr' id='par_1_9' title="bbox 178 2785 1744 2838">
     <span class='ocr_line' id='line_1_42' title="bbox 178 2785 1744 2838; baseline 0.003 -20"><span class='ocrx_word' id='word_1_369' title='bbox 178 2805 180 2807; x_wconf 96' lang='lat'>-</span> <span class='ocrx_word' id='word_1_370' title='bbox 225 2793 400 2838; x_wconf 63' lang='lat' dir='ltr'><strong>&gt;unquam</strong></span> <span class='ocrx_word' id='word_1_371' title='bbox 420 2789 658 2832; x_wconf 82' lang='lat' dir='ltr'><strong>contemptas,</strong></span> <span class='ocrx_word' id='word_1_372' title='bbox 683 2785 721 2822; x_wconf 91' lang='lat' dir='ltr'><strong>in</strong></span> <span class='ocrx_word' id='word_1_373' title='bbox 737 2786 1019 2831; x_wconf 60' lang='lat' dir='ltr'><strong>&#39;transponendis</strong></span> <span class='ocrx_word' id='word_1_374' title='bbox 1043 2785 1124 2821; x_wconf 90' lang='lat' dir='ltr'><strong>dico</strong></span> <span class='ocrx_word' id='word_1_375' title='bbox 1142 2785 1305 2821; x_wconf 88' lang='lat' dir='ltr'><strong>versibus</strong></span> <span class='ocrx_word' id='word_1_376' title='bbox 1323 2795 1628 2830; x_wconf 89' lang='lat' dir='ltr'><strong>personarumque</strong></span> <span class='ocrx_word' id='word_1_377' title='bbox 1647 2787 1744 2823; x_wconf 89' lang='lat' dir='ltr'><strong>notis</strong></span> 
     </span>
    </p>
   </div>
   <div class='ocr_carea' id='block_1_10' title="bbox 243 2838 1781 2889">
    <p class='ocr_par' dir='ltr' id='par_1_10' title="bbox 243 2838 1781 2889">
     <span class='ocr_line' id='line_1_43' title="bbox 243 2838 1781 2889; baseline 0.003 -11"><span class='ocrx_word' id='word_1_378' title='bbox 243 2842 505 2878; x_wconf 80' lang='lat' dir='ltr'><strong>commutandis</strong></span> <span class='ocrx_word' id='word_1_379' title='bbox 532 2838 693 2887; x_wconf 71' lang='lat' dir='ltr'><strong>positas,</strong></span> <span class='ocrx_word' id='word_1_380' title='bbox 729 2842 940 2889; x_wconf 87' lang='lat' dir='ltr'><strong>priusquam</strong></span> <span class='ocrx_word' id='word_1_381' title='bbox 977 2843 1177 2879; x_wconf 87' lang='lat' dir='ltr'><strong>consultam</strong></span> <span class='ocrx_word' id='word_1_382' title='bbox 1217 2841 1411 2877; x_wconf 86' lang='lat' dir='ltr'><strong>cuiuslibet</strong></span> <span class='ocrx_word' id='word_1_383' title='bbox 1443 2843 1747 2882; x_wconf 84' lang='lat' dir='ltr'><strong>retractationem</strong></span> <span class='ocrx_word' id='word_1_384' title='bbox 1776 2845 1781 2850; x_wconf 83' lang='grc'><strong>’</strong></span> 
     </span>
    </p>
   </div>
  </div>
 </body>
</html>
