2052 3172
986 138 1009 175 7

241 284 366 326 quam
397 284 473 316 cur
501 270 718 323 meruerit,
748 271 1010 326 Periphanes
1030 272 1124 326 ipse
1144 271 1314 314 domum
1333 271 1553 324 ingressus
1572 269 1748 313 iudicet!

240 340 303 385 Et.
325 339 496 397 vixdum
523 338 715 399 proiecto
742 339 949 395 Epidicus
977 339 1235 396 Apoecidem
1263 342 1552 383 remanentem
1581 338 1752 382 edocuit

241 409 496 465 Telestidem
526 421 574 453 se
602 409 859 462 repperisse,
902 422 1032 463 quum
1061 410 1133 452 ille
1161 409 1313 460 laetus¹
1330 408 1522 459 recurrit
1544 420 1752 461 servoque

241 476 467 522 insolentia
503 470 733 524 exsultanti
767 488 851 520 non
886 477 1024 521 solum
1061 475 1304 521 libertatem
1342 476 1474 519 donat
1509 475 1749 529 victumque

242 547 468 599 promittit,
499 546 576 589 sed
605 546 736 589 etiam
764 546 945 589 iniuriae
974 547 1142 590 veniam
1171 546 1300 600 petit:
1330 549 1432 588 tunc
1461 544 1630 587 demum
1659 557 1749 587 ma-

243 626 324 657 nus
354 614 579 658 solvendas
608 602 793 669 porrigit
826 626 961 657 novus
990 614 1183 666 libertus,
1215 613 1302 671 ‚qui
1322 611 1566 655 libertatem
1587 611 1750 654 malitia

240 683 403 726 invenit
430 682 535 726 sua.‘
1279 730 1281 732 ,

332 748 450 794 'Hoc
486 750 621 804 igitur
657 754 956 806 argumentum
1005 751 1067 794 ita
1106 750 1361 805 dispositum
1407 749 1597 793 homines
1636 750 1749 793 docti

248 822 555 863 recensuerunt
584 823 628 862 et
655 832 851 874 magnam
880 823 1046 874 partem
1075 817 1427 874 probaveruntzfi)
1457 819 1616 873 optimo
1642 817 1751 872 iure,

244 887 282 932 si
325 887 428 943 quid
469 887 675 932 videmus.
750 888 1013 943 Quamquam
1057 888 1168 932 enim
1221 888 1327 931 satis
1381 887 1633 942 implicitum
1683 890 1751 930 cst

245 956 615 1011 spectantiumque
643 957 772 1000 animi
801 970 885 1018 non
915 957 998 1000 nisi
1028 970 1193 1000 summa
1222 957 1457 1000 attentione
1487 956 1749 1010 singularum

245 1035 388 1069 rerum
426 1036 578 1068 causas
622 1037 878 1079 pernoscere
923 1029 1105 1079 possunt
1143 1025 1352 1079 simulque
1389 1025 1622 1078 percipere,
1667 1037 1750 1078 quo

246 1093 369 1136 modo
406 1104 682 1147 unaquaeque
729 1105 875 1136 earum
924 1093 1121 1136 universo
1176 1093 1399 1146 proposito
1449 1092 1622 1142 serviat,
1666 1104 1749 1146 quo

244 1165 372 1216 poeta
415 1162 621 1215 ingeniosi
665 1162 778 1206 servi
822 1162 1027 1208 malitiam
1071 1161 1265 1205 fallacem
1310 1161 1420 1204 mala
1463 1161 1749 1215 periculorum

246 1230 356 1273 mole
395 1230 553 1284 urgeri,
594 1233 685 1273 tum
724 1229 925 1274 libertate
964 1231 1114 1274 donari
1155 1231 1302 1284 voluit,
1345 1233 1485 1273 tamen
1527 1230 1668 1272 omnia
1706 1230 1749 1272 id

246 1310 374 1341 unum
404 1302 611 1352 spectant,
643 1302 692 1342 ut
721 1312 871 1343 servus
900 1299 1025 1343 herili
1055 1298 1142 1342 filio
1172 1298 1282 1342 fidus
1321 1312 1374 1342 ex
1403 1297 1597 1342 omnibus
1626 1298 1750 1341 malis

246 1367 443 1422 superior
471 1367 637 1418 evadat.
686 1368 754 1411 Ita
782 1381 917 1423 neque
937 1368 1096 1424 duplici
1114 1380 1257 1412 amore
1277 1367 1584 1423 Stratippocles
1613 1379 1750 1421 neque

247 1436 427 1479 Telestis
467 1438 682 1490 postremo
720 1438 892 1481 inventa
930 1451 1009 1492 per
1049 1450 1095 1481 se
1135 1438 1217 1492 ipsi
1264 1437 1547 1491 spectantium
1586 1437 1750 1479 animos

245 1508 391 1547 tenere
411 1505 597 1559 student,
619 1506 733 1560 quod
753 1505 809 1549 K.
833 1505 892 1549 H.
920 1505 1106 1548 Weisius
1126 1506 1295 1560 quidem
1315 1506 1515 1560 opinatur
1535 1504 1751 1561 triplicem

246 1573 485 1626 argumenti
524 1586 695 1616 causam
740 1574 972 1617 observans
1012 1579 1056 1618 et
1094 1587 1224 1617 unum
1264 1574 1427 1617 scilicet
1466 1573 1750 1616 adulescentis

246 1653 446 1696 amorem,
483 1654 611 1718 unam
639 1641 806 1697 Epidici
825 1642 1045 1696 fraudem,
1083 1642 1213 1687 filiam
1250 1641 1420 1687 omnino
1456 1641 1616 1686 nullam
1652 1654 1750 1686 con-

248 1709 403 1752 cedens
447 1709 548 1764 (vld.
589 1708 683 1763 ‚Die
714 1712 974 1754 Komoedien
1010 1712 1051 1754 d.
1080 1712 1174 1764 Pl.‘,
1203 1711 1408 1753 kritisch.
1427 1742 1436 1752 .
1455 1742 1464 1752 .
1483 1742 1492 1752 .
1510 1710 1752 1752 beleuchtet

248 1791 331 1823 von
361 1776 418 1821 K.
451 1777 511 1822 H.
554 1778 701 1833 Weise,
742 1780 1031 1835 Quedlinburg
1064 1783 1172 1824 1866
1212 1793 1253 1834 p.
1286 1778 1378 1834 99);
1419 1778 1547 1822 immo
1576 1778 1752 1823 consilia

247 1846 388 1889 omnia
416 1850 544 1901 atque
562 1846 677 1890 facta
705 1848 759 1890 ad
778 1861 923 1889 unum
952 1848 1146 1902 idemque
1167 1848 1355 1890 studium
1384 1847 1523 1889 relata
1541 1847 1749 1899 videntur,

247 1928 330 1971 quo
359 1919 487 1970 poeta
505 1929 588 1959 non
618 1920 704 1960 tam
725 1929 864 1961 mores
891 1916 945 1961 ad
967 1917 1081 1961 vitae
1111 1917 1334 1972 imaginem
1365 1916 1595 1971 depingere
1624 1927 1750 1970 quam

246 1983 491 2039 probandae
531 1988 659 2038 atque
698 1985 913 2038 docendae
952 1986 1189 2029 sententiae
1229 1986 1453 2028 universae
1492 1996 1620 2027 causa
1658 1996 1750 2026 rem

247 2052 388 2097 media
417 2053 549 2098 evita
577 2053 788 2096 communi
807 2054 985 2107 petitam
1016 2053 1189 2098 uberius
1210 2058 1398 2098 tractare
1426 2053 1581 2104 voluit;
1612 2053 1750 2106 qualis

248 2121 459 2165 sententia
473 2121 517 2163 in
528 2121 638 2164 Enni
654 2121 768 2165 dicto
784 2121 932 2175 ,fortes
946 2122 1118 2167 fortuna
1132 2122 1261 2166 iuvat‘
1277 2121 1503 2165 manifesto
1518 2124 1709 2175 apparet.
1715 2122 1749 2177 ⁶)

246 2189 501 2234 Perdii'ficilc
521 2203 623 2233 sane
652 2194 720 2234 est
738 2196 927 2235 tenorem
957 2204 1100 2235 rerum
1121 2192 1242 2246 sequi
1272 2191 1526 2245 saepiusque
1545 2189 1630 2244 legi
1659 2191 1752 2233 vult

248 2258 402 2312 sabula,
434 2262 484 2301 ut
501 2260 671 2313 penitus
693 2260 990 2314 intellegatur:
1023 2261 1099 2304 sed
1118 2261 1289 2303 minime
1309 2260 1418 2303 hanc
1438 2258 1492 2303 ob
1513 2272 1604 2302 rem
1623 2264 1752 2313 poeta

247 2326 526 2382 vituperetur.
600 2328 945 2385 Quotusquisque
988 2333 1068 2383 est,
1119 2329 1186 2373 cui
1235 2329 1382 2384 lingua
1423 2328 1576 2371 Latina
1617 2340 1751 2383 eaque

247 2396 389 2452 prisca
428 2398 502 2440 illa
530 2398 717 2442 Plautini
755 2400 961 2455 temporis
999 2400 1109 2443 adeo
1148 2400 1192 2442 in
1231 2411 1378 2442 sucum
1419 2403 1463 2441 et
1502 2399 1750 2453 sanguinem

248 2467 479 2520 transierit,
521 2471 571 2511 ut
597 2467 832 2523 quamlibet
858 2468 1044 2513 fabulam
1075 2469 1168 2512 sine
1196 2468 1478 2512 haesitatione
1508 2471 1628 2511 tanta
1656 2481 1751 2511 cum

236 2537 467 2591 ⁴voluptate
506 2537 649 2592 legere
686 2539 837 2593 possit,
877 2542 1037 2593 quanta
1076 2542 1244 2581 veteres
1272 2538 1450 2582 Romani
1490 2550 1583 2580 eam
1612 2537 1657 2580 in
1688 2538 1752 2581 lu-

248 2606 398 2650 dorum
417 2607 682 2650 iucunditate
702 2607 824 2662 quasi
844 2607 983 2651 vivam
1004 2608 1256 2662 spectabant
1275 2611 1320 2651 et
1339 2607 1472 2650 oculis
1493 2606 1752 2661 auribusque

247 2674 566 2730 percipiebant?
610 2674 706 2720 Non
726 2676 968 2720 dubitamus
987 2676 1143 2729 hercle,
1172 2676 1273 2730 quin
1294 2687 1440 2718 omnes
1469 2675 1567 2718 illae
1586 2675 1753 2730 lepidae

247 2743 441 2796 fabellae,
472 2756 576 2797 quas
607 2746 865 2789 recentiores
896 2746 1065 2800 quidam
1097 2745 1233 2788 critici
1263 2749 1329 2787 tot
1357 2744 1538 2787 saeculis
1562 2744 1618 2787 ad
1647 2745 1753 2788 alias
