2052 3172
958 93 1027 135 ’41

256 230 488 284 contingat‚
508 232 559 271 ut
576 226 840 282 probabilem
860 229 1096 284 Plautoque
1114 229 1287 283 dignam
1308 229 1644 272 emendationem
1665 241 1762 282 pro-

256 297 379 349 ferat,
425 309 502 340 cur
537 300 640 340 tunc
679 300 1004 341 retractatorem
1047 298 1296 350 divinemur‚
1341 296 1413 340 ubi
1455 296 1763 340 sententiarum

259 366 366 409 ordo
397 365 491 419 ipse
519 377 647 408 sanus
678 367 775 408 est?

372 434 419 477 ln
463 432 670 486 versibus,
716 434 788 488 qui
833 437 1080 489 sequuntur,
1126 446 1195 478 res
1238 434 1371 477 multo
1394 465 1396 467 ψ
1416 433 1642 477 dilucidior
1681 438 1760 477 est.

237 503 307 546 ‘V.
331 506 412 545 353
454 503 546 546 sine
586 502 714 546 dubio
755 507 821 546 est
860 504 1071 558 glossema
1101 517 1123 547 e
1153 517 1191 546 v.
1215 506 1296 547 367
1328 507 1372 546 et
1401 505 1484 546 368
1525 505 1760 546 consutum,

262 571 368 614 Post
403 585 440 614 v.
464 572 546 614 355
587 571 643 614 R.
676 571 898 614 Miillerus
938 573 964 615 l.
988 585 1020 615 8.
1044 585 1076 615 8.
1118 586 1158 626 p.
1183 575 1208 614 6
1248 573 1441 615 lacunam
1481 571 1765 626 probabiliter

257 639 429 692 statuit3
470 652 569 682 113111
607 640 702 682 eius
736 653 816 683 vox
853 653 890 684 v.
915 644 996 684 356
1038 653 1120 695 quo
1158 643 1323 695 spectet
1361 651 1445 683 non
1484 639 1760 695 intellegitur.

258 709 521 763 Quamquam
551 709 745 762 equidem
764 713 813 752 ut
831 713 977 764 putem
998 710 1189 753 lacunam
1211 713 1300 751 tam
1319 708 1504 762 amplam
1521 720 1616 752 esse
1635 721 1761 763 (1113111

259 777 350 819 vult
380 775 600 818 Malla-us
630 777 816 819 animum
845 791 928 821 non
957 791 1131 832 possum
1161 777 1375 820 inducere.
1435 776 1668 819 Teneamus
1698 777 1761 820 fa-

257 844 400 888 bulam
428 857 511 887 non
543 845 856 900 Stratippoclis,
894 847 969 889 sed
999 846 1280 901 spectantium
1319 857 1447 888 causa
1476 857 1570 889 esse
1599 844 1759 888 fictam:

258 925 383 968 quam
411 926 658 967 perversum
689 914 830 957 hercle
861 919 975 958 esset
1010 919 1137 969 atque
1167 914 1299 958 taedii
1328 914 1510 968 plenum,
1543 914 1580 957 si
1611 926 1760 957 servus
1820 968 1824 972 ·

258 983 520 1026 adulescenti
559 983 638 1026 hoc
668 984 760 1027 1000
804 984 948 1026 multis
988 984 1129 1028 verbis
1170 987 1404 1035 enarraret,
1435 995 1543 1037 quae
1582 982 1667 1025 iam
1707 982 1760 1025 ab

257 1064 294 1093 v.
323 1055 402 1094 190
432 1052 531 1094 inde
559 1064 637 1106 per
666 1055 804 1095 totum
840 1052 1021 1095 alterum
1058 1056 1198 1095 actum
1228 1051 1456 1105 Periphani
1493 1051 1655 1094 diserte
1690 1063 1760 1093 ex-

258 1120 420 1172 posuit!
484 1120 733 1173 Spectantes
764 1121 874 1163 enim
905 1133 1034 1174 quum
1072 1121 1135 1163 ita
1162 1132 1306 1162 rerum
1335 1123 1592 1172 contextum,
1622 1118 1762 1172 quoad

258 1199 328 1230 res
367 1188 570 1242 postulat,
611 1189 918 1242 perspexerint,
958 1189 1036 1232 hoc
1072 1189 1165 1232 loco
1201 1188 1405 1243 Epidicus
1444 1187 1549 1231 satis
1588 1185 1764 1230 habebit

259 1256 585 1310 Stratippoclem
613 1270 664 1300 ea
684 1257 848 1311 docere,
879 1270 987 1312 quae
1017 1258 1126 1301 sciat
1154 1258 1301 1312 utique
1330 1269 1503 1299 necesse
1530 1259 1610 1308 est,
1638 1268 1762 1309 prae-

259 1324 405 1366 sertim
437 1324 491 1368 ob
513 1339 606 1368 eam
635 1339 801 1381 quoque
831 1339 934 1380 rem,
964 1327 1077 1381 quod
1097 1326 1347 1369 adulescens
1377 1336 1542 1367 omnem
1571 1336 1690 1378 spem
1719 1324 1762 1365 in

260 1405 382 1436 servo
411 1395 531 1447 ponit
570 1395 745 1449 eiusque
774 1395 945 1449 ingenio
986 1396 1166 1439 salutem
1208 1406 1328 1438 suam
1358 1394 1484 1448 plane
1513 1392 1760 1436 committit:

259 1462 479 1513 pecuniam
509 1475 611 1516 ergo
640 1468 835 1517 paratam
865 1477 959 1507 esse
989 1465 1057 1507 hic
1087 1464 1212 1516 dicet,
1243 1467 1409 1517 patrem
1438 1462 1595 1504 iterum
1624 1461 1762 1514 decipi

265 1529 376 1581 dolo,
410 1529 463 1572 ab
494 1532 708 1585 Apoecide
744 1533 935 1586 quamvis
974 1536 1147 1575 cautore
1187 1531 1286 1574 dato
1325 1543 1408 1573 non
1448 1530 1628 1572 multum
1668 1541 1765 1571 esse

264 1598 509 1642 timendum.
557 1601 696 1654 Atque
724 1601 829 1643 haec
864 1604 1088 1655 postquam
1119 1600 1307 1643 breviter
1337 1597 1619 1651 adumbravit,
1649 1597 1763 1651 quod

259 1666 302 1708 in
332 1668 485 1710 ceteris
517 1669 569 1711 ab
592 1682 629 1711 v.
653 1672 735 1712 363
767 1669 1011 1723 diligentior
1042 1672 1119 1721 cst,
1151 1681 1235 1712 non
1265 1668 1393 1710 aliam
1422 1667 1546 1710 video
1578 1678 1761 1718 causam,

260 1748 385 1789 quam
404 1737 517 1790 quod
536 1738 604 1780 hic
624 1742 865 1792 spectantes
887 1751 1052 1793 quoque
1080 1741 1180 1781 sunt
1199 1736 1414 1789 edocendi,
1435 1748 1617 1790 quonam
1637 1735 1762 1777 modo

260 1816 409 1847 servus
438 1807 641 1848 astutiam
672 1810 798 1849 antea
828 1807 883 1862 (v.
909 1807 1010 1861 314)
1041 1806 1282 1849 summatim
1313 1808 1529 1859 gustatam
1557 1804 1612 1846 ad
1643 1803 1764 1846 effec—

258 1876 348 1915 tum
378 1874 661 1927 perducturus
692 1875 761 1917 sit.

373 1952 564 1996 Sufficiet
593 1954 726 2007 igitur
745 1955 938 1997 lacunam
958 1954 1137 2008 exempli
1167 1953 1307 2007 gratia
1326 1953 1406 1995 hoc
1426 1939 1550 1995 modo
1573 1952 1762 2005 explere:

576 2045 683 2088 Nam
712 2046 774 2089 ita
803 2047 920 2089 suasi
950 2046 1041 2089 seni
1071 2048 1198 2100 atque
1227 2045 1336 2088 113110
1366 2043 1496 2087 habui
1526 2041 1763 2086 orationem

259 2113 336 2169 [Ut
364 2113 578 2162 fidicinam
610 2115 735 2158 aliam
764 2115 1013 2170 praeistinet,
1045 2128 1170 2169 quam
1201 2113 1381 2157 multum
1412 2111 1664 2168 deperires,]

258 2183 329 2237 Ut,
362 2183 488 2238 quom
517 2184 715 2237 redisses,
747 2184 799 2227 ne
830 2183 910 2226 tibi
928 2184 1030 2227 veius
1061 2183 1183 2237 copia
1213 2186 1339 2226 esset.

373 2278 631 2340 Depravatio
662 2300 763 2341 ergo
794 2286 1001 2330 librorum
1030 2286 1098 2329 hic
1128 2284 1353 2328 manifesto
1385 2287 1574 2338 apparet,
1612 2284 1666 2326 de
1697 2296 1763 2326 re-

258 2354 515 2397 tractatione
541 2359 656 2398 certe
686 2368 770 2399 non
800 2361 866 2399 est
895 2355 1178 2410 cogitandum.
1224 2355 1372 2408 Neque
1402 2354 1556 2396 desunt
1586 2353 1762 2395 mendae

258 2422 300 2464 in
333 2423 546 2466 <versibus
596 2424 813 2477 proximis,
874 2424 956 2466 etsi
1004 2424 1250 2466 lacunarum
1305 2422 1488 2475 vestigia
1536 2421 1762 2475 Hasperus

259 2490 527 2545 Brixia-sque
557 2491 681 2535 nobis
711 2505 795 2536 non
824 2492 1124 2547 probaverunt.
1186 2491 1399 2545 Imprimis
1429 2503 1478 2532 ea
1506 2502 1586 2533 vox
1616 2502 1654 2531 v.
1678 2492 1759 2531 357

259 2573 308 2602 00
338 2560 522 2615 (1111110111,
554 2573 637 2614 quo
667 2574 778 2604 nunc
817 2565 896 2615 est,
934 2562 1026 2604 1000
1056 2562 1126 2603 vix
1155 2564 1299 2615 potest
1336 2559 1522 2601 tolerari.
1584 2558 1693 2600 Nam
1725 2558 1759 2600 si

258 2643 407 2674 servus
437 2644 474 2674 v.
498 2634 580 2673 352
611 2631 796 2684 priorem
826 2630 1018 2673 fraudem
1058 2630 1201 2683 tetigit
1231 2626 1461 2681 statimque
1498 2627 1552 2670 ad
1583 2627 1763 2669 alteram

259 2700 443 2753 transiit,
476 2711 558 2753 quo
579 2699 704 2742 modo
730 2702 874 2754 potest
897 2699 1092 2754 priorem
1111 2697 1322 2741 fidicinam
1342 2708 1492 2739 rursus
1513 2707 1763 2739 commemo-
