2052 3172
1005 119 1059 159 62

275 254 407 290 beuter
442 253 665 289 confitemur.
719 253 758 289 Si
788 263 875 289 vero
912 253 1101 298 Hasperue
1143 263 1182 290 se
1220 254 1443 300 intellegere
1482 258 1607 301 negat,
1667 265 1789 300 quem-

275 311 468 348 admodum
502 310 616 347 verba
664 310 810 355 ,Pulcra
852 310 982 374 edepol
1023 309 1087 345 dos
1131 309 1335 355 pecuniast‘
1379 313 1469 369 apta
1505 311 1581 348 sint
1613 311 1791 357 Apoecidi

274 365 461 403 mee—70
478 365 635 409 collatis,
660 366 828 410 equidem
846 365 967 410 miror,
986 365 1018 401 si
1037 365 1267 401 doctissimus
1282 365 1340 401 vir
1363 357 1514 416 εἷρωνε.
1506 360 1562 403 ἀν
1585 377 1658 402 non
1676 367 1792 403 sensit

275 427 432 462 sermoni
456 426 512 462 illi
537 426 757 462 immixtam.
795 428 855 471 ,Ja
877 427 1035 462 herrlich
1059 426 1119 463 bei
1140 426 1231 462 Gott
1255 427 1306 463 ist
1329 426 1395 462 der
1419 425 1602 462 Geldsack
1626 427 1681 463 als
1705 427 1790 463 Mit-

226 482 231 486 '
274 483 374 529 gift,‘
412 483 459 519 ad
482 494 577 528 quae
602 484 827 530 Periphanes
852 485 1065 530 respondet:
1113 485 1199 528 ,Der
1224 484 1408 521 Geldsack
1435 487 1535 520 ware
1565 494 1604 519 so
1628 485 1792 521 schlecht

273 540 388 586 nicht,
412 551 482 576 nur
504 552 602 577 muss
627 551 667 576 er
691 541 848 587 Mitqtft,
878 541 982 577 nicht
1005 542 1198 578 Gemahlin
1222 542 1332 578 sein!‘
1363 541 1388 576 i.
1413 551 1446 577 e.
1471 540 1627 586 pecunia
1657 541 1790 577 dotalis

276 597 313 633 in
338 608 451 633 uxore
476 597 650 644 eligenda
673 598 875 634 virtutibus
902 599 980 634 eius
1003 602 1265 644 postponatur!
1292 599 1339 634 cf.
1364 600 1433 635 hac
1456 599 1501 634 de
1515 609 1555 634 re
1569 599 1791 635 Graecorum

273 655 497 692 sententiam
530 666 550 691 e
576 656 793 692 comicorum
826 656 1046 702 fragmentis
1078 668 1101 692 a
1126 657 1307 692 Meinekio
1332 657 1469 693 curatis
1494 658 1586 694 satis
1610 668 1790 703 superque

273 713 520 758 perspicuam.
543 734 589 740 ——
613 713 787 749 Ceterum
810 725 1029 758 anonymum
1048 714 1162 758 illum,
1181 714 1425 759 ,quiHasperi
1449 715 1686 751 coniectanea
1709 715 1747 750 in
1767 716 1791 750 l.

280 770 422 814 ,Philol.
447 770 648 816 Anzeiger‘
674 771 748 806 XII
771 771 863 806 1882
899 782 935 816 p.
959 770 1120 807 490—93
1152 771 1348 816 recensuit,
1381 771 1501 806 locum
1531 772 1657 807 eodem
1686 772 1790 807 modo

275 827 487 863 defendisse
508 828 603 872 quod
615 828 820 873 nuperrime
833 827 971 863 demum
996 838 1015 862 e
1033 829 1216 863 Rom-siam·
1239 828 1361 863 annal.
1374 827 1462 873 phil.
1476 839 1510 863 v.
1522 829 1646 864 XXXI
1672 830 1788 874 (1882)

273 896 309 929 p.
334 884 379 920 77
406 884 575 930 comperi,
602 895 657 929 ea,
684 894 779 929 quae
804 884 883 930 ipse
907 885 1116 920 iamdudum
1148 888 1412 921 commentatus
1433 895 1543 931 eram,
1567 886 1791 931 supprimere

272 942 385 978 nolui.
455 948 457 950 ’

365 1045 423 1089 13)
450 1045 510 1080 Sic
534 1045 724 1089 Hasperus
747 1043 987 1090 probabiliter
1012 1044 1147 1080 conicit
1171 1045 1195 1080 l.
1226 1056 1254 1080 s.
1279 1056 1307 1081 s.
1332 1056 1367 1090 p.
1390 1045 1448 1081 22.

365 1147 423 1190 14)
449 1147 543 1183 Num
568 1147 688 1182 altera
712 1146 815 1183 verbi
848 1146 1080 1192 ,imprudens‘
1116 1147 1172 1183 vis
1198 1147 1244 1183 ad
1274 1148 1468 1184 stultitiam
1494 1148 1792 1193 temeritatemque

272 1208 445 1251 spectans
469 1204 528 1240 bic
553 1204 679 1241 valere
711 1203 837 1250 possit,
870 1215 942 1249 qua
977 1203 1120 1240 scilicet
1152 1205 1362 1250 explanatio
1394 1205 1530 1241 evadat
1560 1205 1642 1240 ideo
1674 1205 1789 1241 multo
1850 1225 1853 1227 -

271 1263 484 1308 simplicior,
517 1263 613 1307 quod
636 1262 692 1297 ita
722 1260 994 1307 quinquaginta
1017 1261 1197 1297 minarum
1226 1272 1397 1298 numerus
1427 1273 1499 1298 non
1524 1262 1687 1298 offendat
1718 1262 1790 1307 (,So

270 1319 362 1355 wird
394 1319 459 1355 der
482 1318 582 1355 Wirt
613 1318 651 1354 in
684 1318 805 1355 seiner
834 1318 1046 1354 Dummheit
1076 1319 1150 1355 und
1179 1318 1524 1366 Unvorsichtigkeit
1553 1320 1632 1356 sein
1664 1321 1791 1365 Haupt

270 1388 355 1413 zum
370 1376 512 1412 Pfande
537 1379 665 1411 setzen
691 1377 799 1421 etc.‘),
824 1375 862 1411 in
887 1375 997 1412 dubio
1021 1376 1281 1421 relinquimus3
1306 1387 1371 1411 nos
1391 1380 1433 1412 ut
1447 1376 1567 1421 priore
1580 1378 1792 1413 inscientiae

275 1433 546 1480 significatione
570 1432 648 1468 nixi
671 1432 791 1468 locum
817 1432 1061 1468 examinemus
1087 1438 1125 1468 et
1148 1433 1238 1468 locis
1263 1444 1374 1478 supra
1405 1433 1552 1479 scriptis
1577 1433 1791 1470 adducimur

272 1496 311 1526 et
334 1490 480 1536 Epidici
504 1489 666 1526 astutiae
692 1489 942 1526 instituendae
966 1491 1122 1533 ratione,
1148 1501 1257 1534 quam
1283 1500 1327 1525 ex
1360 1490 1532 1535 proximis
1557 1490 1679 1526 verbis
1705 1501 1789 1536 cog-

271 1549 471 1593 noscimus3
508 1558 593 1583 nam
625 1547 656 1582 si
680 1546 743 1581 ille
775 1547 941 1582 lenonem
972 1547 1112 1582 fraudis
1145 1547 1364 1591 participem
1389 1547 1512 1582 facere
1539 1547 1664 1591 vellet,
1703 1547 1789 1591 quid

272 1617 306 1642 v.
329 1605 491 1642 367-68
514 1615 604 1649 opus
630 1606 739 1648 esset,
766 1603 895 1648 quibus
929 1604 1020 1640 satis
1051 1603 1210 1639 dilucide
1241 1603 1457 1649 explicatur,
1491 1604 1667 1648 quomodo
1692 1604 1789 1639 leno—

273 1674 355 1698 nem
381 1663 500 1708 ipsum
525 1661 747 1706 decepturus
773 1660 848 1697 sit?

388 1765 446 1810 15)
551 1800 560 1819 v
775 1765 905 1810 Apoee.
930 1764 1010 1810 Ego
1036 1763 1152 1800 visam
1177 1764 1222 1800 ad
1247 1764 1376 1799 forum.

545 1822 709 1867 Epidice,
735 1832 777 1856 eo
801 1823 897 1857 veni.

712 1912 721 1932 v
776 1878 887 1923 Epid.
912 1877 967 1913 Ne
992 1877 1123 1922 abitas,
1148 1877 1360 1922 priusquam
1393 1857 1462 1923 ego
1496 1877 1542 1912 ad
1572 1880 1611 1912 te
1644 1878 1788 1913 venero.

547 1936 677 1981 Apoec.
700 1936 825 1979 Usque
851 1935 1031 1980 opperiar.
1058 1936 1105 1978 (v.
1128 1935 1210 1978 305)

418 1993 521 2028 Haec
550 1993 696 2027 locutus
726 1991 930 2037 Apoecides
963 1991 1002 2027 in
1038 1991 1157 2026 forum
1188 1991 1313 2037 pergit
1354 1994 1392 2026 et
1422 1990 1612 2036 aliquanto
1643 1991 1786 2027 demum

271 2053 358 2096 post
382 2061 462 2086 cum
487 2048 635 2085 fidicina
660 2049 840 2085 conducta
864 2049 911 2085 ad
936 2048 1177 2094 Periphanem
1208 2045 1410 2085 revertitur
1444 2050 1491 2085 (v.
1517 2048 1611 2093 395),
1657 2049 1715 2084 cui
1739 2049 1788 2094 ,di

270 2109 435 2152 deaeque
460 2111 498 2142 te
523 2106 712 2142 adiuvant‘
748 2106 907 2141 clamans
939 2116 1015 2140 rem
1046 2106 1137 2140 bene
1153 2108 1284 2141 -actam
1317 2115 1396 2141 esse
1421 2106 1549 2141 refert.
1597 2106 1670 2140 Per
1693 2105 1784 2141 illud

270 2165 390 2211 igitur
414 2163 589 2209 temporis
613 2163 849 2199 intervallum
860 2163 1036 2208 Epidicus
1060 2163 1228 2199 fraudem
1256 2174 1358 2199 suam
1384 2163 1544 2199 confecit
1569 2163 1628 2207 (cf.
1641 2174 1676 2208 p.
1689 2163 1787 2205 106):

270 2223 317 2258 ad
341 2223 509 2258 lenonem
534 2225 634 2256 certo
648 2231 687 2256 se
704 2221 859 2256 contulit
872 2220 1004 2265 prioris
1025 2220 1219 2265 emptionis
1235 2230 1317 2255 eum
1341 2220 1517 2256 monitum
1543 2220 1788 2266 (v.363⁸qq.),

269 2279 455 2316 fidicinam
490 2282 580 2315 tunc
618 2277 794 2315 instruxit
826 2277 1081 2324 Apoecidique
1122 2277 1275 2314 adduxit
1312 2279 1360 2322 (v.
1385 2277 1454 2314 312
1478 2288 1567 2324 sqq.,
1605 2277 1674 2315 372
1698 2289 1788 2324 sqq.,

269 2338 339 2374 410
369 2338 460 2382 sqq.)
505 2336 604 2382 patri
648 2336 876 2381 tradendam,
927 2336 1011 2371 dum
1055 2336 1133 2380 ipse
1179 2346 1218 2371 se
1256 2336 1421 2380 qualibet
1459 2346 1570 2371 causa
1608 2335 1787 2380 subducit,

268 2395 439 2430 nimirum
480 2393 587 2429 herili
626 2393 701 2429 filio
744 2396 915 2429 eventum
951 2392 1206 2437 nuntiaturus3
1243 2392 1432 2436 eidemque
1468 2391 1666 2431 intervallo
1705 2392 1786 2427 doc—

270 2451 403 2488 tissimi
429 2451 500 2487 viri
525 2461 671 2486 scenam
695 2450 797 2486 illam
827 2449 989 2486 inserere
1014 2450 1154 2495 volunt,
1195 2460 1267 2494 qua
1291 2448 1432 2485 lenonis
1458 2449 1711 2494 deceptionem
1742 2450 1786 2485 ob

271 2509 393 2544 oculos
425 2507 634 2544 accuratius
658 2508 746 2553 poni
770 2508 844 2543 iam
872 2518 945 2543 non
971 2506 1135 2552 cupiunt,
1167 2507 1232 2542 sed
1263 2505 1448 2552 flagitant,
1487 2509 1525 2541 et
1549 2515 1682 2551 operae
1706 2515 1786 2550 pre—

269 2567 363 2603 tium
388 2569 446 2601 est
476 2565 615 2609 videre,
641 2576 798 2610 quonam
827 2565 932 2601 modo
956 2574 1133 2609 personae
1164 2564 1313 2599 fabulae
1345 2563 1400 2599 ita
1430 2574 1510 2599 cum
1539 2563 1668 2599 lenone
1704 2574 1786 2598 con-

271 2624 376 2670 gredi
401 2623 556 2668 possint,
581 2626 624 2658 ut
648 2622 745 2658 servi
771 2622 901 2657 fraude
927 2622 1031 2657 salva
1057 2631 1204 2656 scenam
1229 2620 1389 2665 lepidam
1413 2630 1660 2665 assequamur.
1708 2620 1787 2664 Qua

269 2680 307 2716 in
331 2691 372 2715 re
397 2691 508 2725 quum
532 2680 722 2725 Thesprio,
753 2678 1030 2723 Stratippocles,
1063 2677 1315 2722 Chaeribulus,
1346 2677 1572 2722 Periphanes
1607 2677 1667 2721 (cf.
1692 2686 1786 2721 quae

269 2740 361 2783 sqq.)
388 2737 497 2782 eique
522 2747 656 2782 omnes,
683 2737 745 2782 qui
769 2738 854 2782 post
878 2745 912 2771 v.
925 2735 993 2771 432
1018 2734 1208 2780 prodeunt,
1232 2733 1556 2779 praetermittendi
1579 2733 1786 2780 videantur,
