2052 3172
1004 173 1058 212 26

272 307 592 351 retractationis
621 309 758 351 testes
787 320 883 351 esse
917 307 1115 362 affirmat,
1145 309 1229 351 iam
1259 320 1390 362 supra
1418 320 1458 361 p.
1484 311 1509 350 8
1532 320 1621 362 sqq.
1652 320 1787 361 pauca

272 380 396 420 erant
415 376 607 429 dicenda,
637 389 766 430 quum
793 377 1120 431 discrepantiam
1150 376 1278 427 illam,
1310 389 1394 430 qua
1422 377 1572 419 militis
1600 376 1784 430 patriam

274 445 398 488 modo
418 443 637 487 Euboeam
667 445 792 488 modo
823 445 1018 488 Rhodum
1049 457 1143 487 esse
1164 443 1373 496 audimus,
1405 444 1632 499 explanare
1661 456 1785 487 cona-

272 514 434 565 bamur,
466 525 603 567 neque
619 517 726 566 erat,
754 526 829 557 cur
844 514 1100 557 alterutrum
1117 514 1255 557 locum
1276 513 1524 566 diligentius
1545 513 1785 567 explorare-

272 594 380 634 mus,
410 581 512 635 quia
531 582 668 624 malae
689 582 1061 625 contaminationis
1082 582 1266 636 speciem
1287 582 1393 624 satis
1412 581 1645 625 removisse
1663 580 1786 624 nobis

272 649 535 693 videbamur.
587 649 708 692 Nunc
738 662 839 693 vero
870 650 924 693 ad
954 650 1141 704 priorem
1171 662 1208 693 v.
1233 652 1309 692 153
1341 661 1435 692 cum
1464 649 1786 704 insequentibus

271 717 576 760 recurrendum
606 721 685 769 est,
723 730 829 771 quos
858 718 1207 761 retractationem
1237 717 1427 771 resipere
1456 716 1661 759 Goetxius
1692 718 1808 760 vult‘

273 787 417 830 dicens
457 787 568 841 (Act.
602 798 686 829 soc.
719 786 819 840 phil.
850 787 965 840 Lips.
987 787 1048 830 VI
1077 799 1117 840 p.
1140 789 1220 829 287
1246 785 1355 840 sqq.)
1396 786 1550 828 mirum
1587 798 1699 838 esse,
1749 787 1785 829 si

273 855 583 909 Stratippocles
628 855 680 897 de
720 855 1034 908 Acropolistide
1079 857 1265 905 statuat,
1313 866 1421 907 quae
1460 854 1504 895 iu
1533 854 1786 907 Periphanis

273 923 435 966 ditione
465 935 642 966 versans
673 922 727 966 ab
772 936 822 966 eo
862 935 941 977 pro
982 923 1070 965 filia
1105 921 1336 964 habeatur:
1395 921 1440 964 id
1469 925 1586 964 certo
1616 926 1786 975 poetam

274 990 516 1044 significare
556 991 772 1043 debuisse,
823 992 1034 1046 quomodo
1075 994 1199 1044 pater
1235 1003 1329 1032 cum
1364 989 1451 1032 filio
1491 993 1785 1050 transacturus

273 1063 390 1102 esset
425 1073 460 1103 e.
493 1073 534 1114 q.
565 1073 598 1103 s.
645 1073 780 1115 eaque
820 1061 864 1103 in
905 1060 1090 1103 editione
1130 1073 1208 1103 sua
1238 1058 1360 1112 Epid.
1399 1059 1456 1113 (p.
1481 1061 1534 1100 24
1556 1058 1683 1112 nott.)
1724 1058 1786 1101 ita

273 1127 445 1171 dilatat:
478 1129 541 1180 ,V.
582 1132 801 1172 153-155
835 1129 889 1171 ad
919 1129 1097 1172 alteram
1134 1129 1350 1184 pertinere
1379 1127 1668 1170 recensionem
1699 1126 1785 1169 dixi

273 1196 368 1239 Act.
399 1209 484 1240 soc.
517 1201 611 1249 etc„
650 1196 805 1251 quibus
841 1211 951 1241 nunc
981 1211 1151 1241 versum
1188 1200 1266 1240 156
1306 1196 1464 1239 addere
1493 1208 1577 1238 non
1608 1194 1785 1238 dubito}

273 1264 432 1307 Facere
460 1278 545 1307 non
574 1278 814 1319 possumus,
846 1267 947 1320 quin
978 1267 1224 1309 doctissimo
1257 1266 1348 1308 viro
1379 1268 1428 1307 ut
1457 1264 1552 1307 aliis
1583 1265 1626 1306 in
1655 1263 1785 1306 rebus

272 1333 341 1376 hic
370 1346 539 1387 quoque
568 1334 855 1378 adversemur.

388 1402 622 1455 Postquam
663 1402 973 1456 Stratippocles
1021 1403 1207 1456 priorem
1255 1402 1434 1444 amicam
1473 1401 1619 1454 utique
1659 1401 1783 1443 domo

273 1469 574 1513 removendam
596 1482 691 1513 esse
712 1471 963 1525 intellegens
985 1483 1154 1514 servum
1185 1470 1404 1514 consilium
1425 1468 1592 1523 rogavit
1612 1494 1666 1499 —
1688 1481 1784 1511 nam

273 1536 384 1580 falsa
423 1541 536 1590 sunt,
578 1551 688 1592 quae
735 1539 941 1581 Goetxius
985 1539 1067 1582 huc
1107 1539 1364 1594 pertinentia
1402 1539 1446 1580 in
1485 1537 1618 1591 praef.
1659 1537 1782 1591 Epid.

272 1619 314 1661 p.
335 1606 458 1650 XXII
488 1611 630 1651 annot.
663 1608 832 1651 rettulit
868 1634 910 1640 —
947 1612 991 1652 et
1021 1609 1183 1652 audivit
1212 1608 1322 1652 hunc
1352 1619 1519 1662 quoquo
1540 1605 1663 1649 modo
1693 1618 1783 1649 rem

274 1675 587 1729 expediturum,
619 1677 742 1730 quasi
772 1676 996 1720 blandiens
1027 1678 1119 1720 eius
1148 1677 1420 1732 prudentiam
1451 1675 1573 1717 effert
1602 1675 1784 1728 (‚plenus

275 1743 483 1787 consili's:
514 1745 615 1788 novi
633 1757 712 1798 ego
742 1746 832 1800 te‘),
864 1746 1064 1789 nimirum
1092 1750 1141 1789 ut
1161 1746 1320 1789 certius
1341 1743 1501 1799 aliquid
1522 1744 1781 1798 comperiat:

273 1824 411 1865 neque
439 1817 612 1855 recusat
642 1826 793 1856 servus
824 1814 977 1866 dicere,
1010 1815 1123 1868 quod
1153 1818 1269 1856 certe
1299 1814 1412 1855 inter
1431 1812 1588 1866 prioris
1618 1813 1785 1865 puellae

273 1880 533 1934 emptionem
554 1882 764 1934 cognovit,
796 1882 973 1926 militem
996 1882 1112 1926 illam
1132 1882 1300 1937 perdite
1322 1893 1465 1924 amare
1484 1883 1527 1923 et
1547 1880 1637 1923 sine
1658 1880 1784 1924 dubio

274 1952 517 2002 empturum
557 1962 665 1992 esse.
727 1950 848 2001 Quod
888 1954 1031 1994 autem
1071 1952 1151 1994 hoc
1190 1955 1407 2004 tamquam
1447 1949 1711 2003 praeteriens
1741 1952 1786 1991 et

274 2029 369 2060 cum
400 2017 596 2061 socordia
636 2019 820 2072 quadam
867 2019 1043 2061 Goetzio
1080 2023 1280 2073 suspecta
1309 2018 1424 2071 facit,
1466 2017 1570 2060 duas
1601 2017 1691 2060 eius
1722 2017 1785 2059 rei

274 2098 424 2129 causas
453 2098 692 2141 proponere
724 2087 861 2130 liceat.
912 2088 1102 2131 Primum
1132 2089 1243 2132 enim
1274 2087 1378 2130 nihil
1409 2086 1626 2140 antiquius
1656 2085 1786 2129 habet

273 2167 436 2207 servus,
483 2168 610 2209 quam
656 2162 704 2198 ut
748 2157 947 2209 inveniat,
1000 2158 1111 2200 unde
1155 2157 1376 2211 pecuniam
1420 2155 1583 2198 recenti
1626 2155 1785 2198 amicae

274 2223 477 2266 emendae
517 2223 686 2267 auferat
728 2226 784 2279 (v.
814 2226 924 2278 158),
965 2237 1102 2278 neque
1143 2224 1317 2268 dubium
1358 2224 1538 2275 videtur,
1589 2223 1691 2279 quin
1731 2223 1785 2266 ad

272 2291 561 2335 adulescentis
575 2293 868 2349 quaestionem
885 2294 980 2338 ideo
998 2298 1083 2337 tam
1101 2298 1195 2337 arte
1211 2293 1495 2348 responderit,
1511 2305 1565 2335 ne
1581 2305 1607 2335 a
1622 2304 1669 2335 re
1685 2295 1785 2335 tunc

272 2361 497 2415 potissima
536 2361 697 2405 diutius
738 2367 1002 2406 avocaretur.
1069 2363 1233 2406 Deinde
1274 2362 1442 2405 omnino
1484 2361 1663 2416 cogitari
1702 2374 1785 2404 non

274 2434 432 2484 potest,
464 2431 590 2485 quale
615 2431 842 2489 *consilium
873 2432 979 2475 illud
1010 2445 1105 2475 esse
1125 2433 1291 2485 debeat,
1324 2431 1438 2487 quod
1457 2431 1661 2485 Epidicus
1691 2443 1786 2474 cum

273 2497 577 2553 probabilitate
607 2499 790 2554 quadam
818 2499 1023 2554 proferat.
1077 2500 1183 2543 Nam
1214 2513 1343 2556 quum
1373 2503 1524 2554 postea
1553 2499 1695 2542 omnia
1724 2499 1786 2541 ita

273 2571 447 2622 praeter
492 2569 852 2622 exspectationem
898 2569 1106 2622 accidant,
1153 2573 1202 2612 ut
1245 2568 1604 2623 Acropolistidem
1648 2568 1785 2621 ipsam

273 2636 387 2679 domi
417 2648 590 2679 manere
629 2636 910 2691 improbabile
949 2650 1033 2680 non
1056 2638 1123 2681 >sit
1152 2638 1221 2693 (cf.
1244 2651 1281 2680 v.
1306 2641 1401 2689 604,
1426 2637 1540 2690 643),
1580 2635 1673 2679 fieri
1703 2649 1785 2679 non

271 2709 432 2759 posset,
463 2705 565 2760 quin
595 2706 775 2761 quodvis
806 2707 1027 2749 consilium
1057 2708 1170 2750 servi
1200 2707 1429 2761 improviso
1459 2718 1602 2748 rerum
1632 2710 1786 2749 eventu

272 2773 315 2817 in
345 2773 516 2818 irritum
545 2774 731 2827 caderet,
762 2778 807 2817 et
835 2778 964 2829 poeta
994 2775 1218 2818 calliditati
1248 2775 1339 2818 eius
1371 2773 1638 2817 subvenisset
1659 2785 1784 2830 quam
