2052 3172
913 208 916 210 ψ
924 185 976 226 73

199 322 296 361 enim
319 322 392 361 iam
405 321 531 357 Plauti
555 331 645 357 aevo
669 323 919 357 matronarum
931 322 1073 357 luxurie
1092 322 1247 358 colorem
1259 330 1402 366 quoque
1415 320 1573 366 priscum
1586 322 1700 366 atque

199 382 368 417 decorum
390 381 571 414 mutatum
583 388 662 413 esse
674 389 746 414 non
758 378 994 423 improbabile
1009 379 1060 414 sit
1085 379 1144 422 (cf.
1157 378 1299 413 Becker.
1315 378 1410 413 Gall.
1422 378 1481 412 III
1492 389 1527 422 p.
1541 377 1609 413 160
1623 388 1700 421 sqq.

200 441 240 473 et
261 437 307 472 de
329 434 513 481 plumatili
535 435 574 470 Π
597 447 632 481 p.
656 435 750 482 243),
775 439 898 473 13111011
935 436 972 472 id
1002 436 1189 481 aliquanto
1226 436 1368 472 demum
1404 439 1488 482 post
1523 435 1562 471 in
1598 446 1703 471 usum

200 503 421 531 communem
445 492 538 529 abiit
564 494 623 538 (cf.
636 494 741 530 Rein.
766 494 804 530 in
821 494 926 530 Paul.
939 494 1042 529 Real.
1067 494 1119 529 IV
1133 505 1167 538 p.
1180 493 1290 529 2519:
1317 493 1386 537 ,die
1400 493 1542 528 Frauen
1567 496 1703 538 trugen

200 551 359 601 anfangs
384 549 560 585 ebenfalls
585 550 714 586 weisse
727 550 940 598 Gewander,
967 551 1054 587 aber
1077 551 1126 586 im
1149 550 1181 586 1.
1206 551 1454 587 Jahrhundert
1478 551 1541 586 der
1553 550 1702 587 Kaiser-

200 609 276 645 zeit
298 618 422 645 waren
445 607 503 644 die
527 608 666 646 bunten
689 609 772 645 sehr
794 610 920 656 haufig
943 610 1016 646 und
1035 620 1134 647 zwar
1156 608 1259 644 nicht
1273 607 1349 644 blos
1373 609 1702 649 beiBuhlerinnen.

200 666 354 702 sondern
378 667 470 702 auch
499 667 558 702 bei
582 667 812 712 Matronen‘).
860 669 982 702 Antea
1007 667 1094 712 quin
1117 665 1345 711 potissimum
1369 665 1577 701 meretrices
1602 666 1701 701 nobi-

200 723 308 759 liores
331 744 377 749 —
402 724 446 758 de
471 724 600 760 scortis
625 734 821 770 eorumque
847 724 945 771 togis
964 725 1074 770 pullis
1100 723 1158 759 hic
1181 734 1253 759 non
1277 723 1403 769 agitur
1425 744 1471 748 —
1494 723 1702 758 libertinae-

200 791 271 825 que
296 780 407 817 variis
432 781 546 817 vestis
572 781 752 817 coloribus
777 793 893 827 aeque
918 793 961 817 ac
984 785 1114 826 postea
1137 792 1226 817 usae
1262 781 1336 816 sint
1371 781 1434 816 vix
1465 781 1612 816 dubium
1636 785 1703 824 est,

202 836 419 883 praesertim
443 837 475 873 si
499 838 656 874 Graecos
681 849 797 874 mores
822 838 940 874 animo
964 838 1173 884 repetimus,
1200 838 1330 883 quibus
1354 838 1509 874 Romani
1532 838 1601 874 hac
1625 837 1702 882 qui—

203 895 284 930 dem
308 895 346 930 in
369 906 409 931 re
433 899 476 931 ut
500 907 606 932 ovum
632 907 698 931 ovo
723 895 858 931 similes
884 899 999 931 erant.
1045 897 1097 931 Ut
1120 896 1236 941 igitur
1260 899 1371 940 poeta
1385 895 1540 930 Latinus
1566 895 1703 930 Graeco

203 961 300 987 more
338 951 376 987 111
407 952 570 997 palliatis
609 952 683 988 suis
721 963 792 988 non
825 952 948 988 infima
983 957 1104 988 scorta
1139 953 1318 999 depingit,
1362 952 1426 988 sed
1461 952 1703 998 lepidissimus

203 1009 415 1055 plerumque
439 1011 592 1056 puellas,
635 1009 819 1055 Silenium,
853 1010 1122 1054 Philematium,
1152 1011 1423 1056 Adelphasium,
1456 1021 1608 1055 quarum
1632 1021 1704 1046 ser-

203 1078 325 1103 mones
348 1068 523 1104 honestae
537 1067 691 1114 virginis
715 1078 872 1103 amorem
895 1068 1037 1103 fidelem
1060 1068 1251 1113 resipiunt,
1282 1068 1338 1104 ita
1362 1065 1448 1113 quid
1472 1068 1706 1104 verisimilius

205 1128 262 1160 est
285 1136 392 1170 quam
414 1125 493 1160 loco
518 1125 581 1161 illo
606 1137 677 1161 non
700 1125 947 1161 sordidissima
971 1126 1184 1171 prostibula,
1210 1127 1273 1162 sed
1298 1126 1556 1174 elegantiores,
1587 1130 1630 1161 ut
1652 1127 1707 1161 ita

205 1181 333 1227 dicam,
358 1182 608 1218 meretriculas
632 1183 880 1227 libertinasve,
918 1183 950 1218 si
973 1183 1100 1229 mavis,
1124 1183 1257 1229 notari,
1294 1184 1421 1228 quales
1445 1186 1484 1218 et
1506 1184 1707 1228 posteriore

203 1242 365 1286 tempore
391 1239 669 1276 clarissimorum
692 1244 884 1285 poetarum
909 1240 1126 1276 carminibus
1151 1240 1404 1276 fervidissimis
1430 1241 1708 1277 celebrabantur

205 1300 243 1331 et
278 1308 300 1332 a
330 1298 455 1333 Plauti
491 1300 654 1342 tempore
692 1298 837 1333 minime
874 1298 1017 1333 alienae
1054 1297 1217 1332 fuerint?
1274 1298 1383 1333 Tales
1421 1301 1519 1333 certe
1552 1298 1706 1333 Plautus

206 1353 335 1399 carpit,
372 1354 602 1399 quippequae
633 1354 772 1390 artibus
803 1354 878 1390 suis
902 1353 1069 1390 luxuriae
1100 1353 1279 1399 impensas
1304 1358 1481 1391 venantes
1506 1354 1602 1391 viros
1626 1366 1705 1401 per-

205 1411 304 1455 dant,
328 1423 400 1446 non
424 1411 566 1447 velatas
590 1411 673 1448 illas
704 1412 803 1457 pullo
830 1412 959 1456 colore,
991 1412 1055 1447 sed
1085 1422 1173 1447 auro
1198 1411 1373 1448 micantes
1405 1415 1443 1447 et
1466 1415 1569 1447 veste
1595 1412 1705 1448 versi-

206 1468 329 1513 colori,
354 1478 470 1513 neque
497 1471 554 1504 est
579 1479 642 1504 0111
665 1468 721 1504 his
745 1460 890 1504 nomina
913 1468 979 1504 illa
1002 1472 1142 1515 negata
1168 1479 1246 1505 esse
1271 1469 1442 1506 dicamus.

295 1572 353 1616 33)
380 1572 423 1607 Id
446 1573 694 1618 Baynatonem
730 1571 912 1617 cogitasse
943 1572 1048 1607 video
1088 1572 1234 1617 (,Plaut.
1271 1571 1309 1606 111
1334 1571 1469 1607 seinem
1496 1572 1704 1608 Verhiiltnis

205 1639 252 1664 zu
277 1629 346 1664 den
371 1628 623 1675 griechischen
649 1628 876 1675 Originalen‘
901 1641 935 1675 p.
950 1629 993 1665 12
1017 1633 1139 1665 annot.
1164 1630 1239 1673 39):
1267 1629 1359 1674 ,eine
1374 1629 1488 1665 Reihe
1513 1630 1708 1666 romischer

206 1686 491 1721 Frauenkleider
517 1689 601 1729 (von
624 1687 833 1730 meretrices)
859 1687 926 1730 Ep.
951 1687 1000 1731 ΙΙ,
1012 1686 1046 1730 2,
1059 1688 1104 1721 46
1130 1688 1218 1731 sqq.‘

296 1789 353 1834 34)
379 1790 457 1825 Iam
469 1789 587 1833 liquet
601 1789 721 1834 ,viros‘
741 1801 775 1826 v.
789 1790 858 1825 235
871 1801 942 1825 non
953 1789 1150 1835 praecipue
1165 1800 1230 1834 pro
1246 1789 1387 1825 maritis
1402 1800 1479 1825 esse
1496 1790 1708 1835 (wamma),

206 1847 270 1881 sed
295 1846 365 1881 loci
389 1846 532 1881 ratione
557 1846 711 1891 primum
736 1845 881 1891 quidem
904 1846 1074 1882 universe
1099 1845 1182 1892 dici,
1207 1849 1295 1882 tunc
1319 1846 1365 1882 ad
1377 1846 1527 1883 maritos
1542 1850 1709 1892 spectare

199 1916 315 1950 posse,
350 1914 422 1940 non
445 1908 614 1950 oportere.
639 1924 686 1930 —
716 1905 956 1951 Visserinqius
981 1905 1239 1941 antecedentes
1264 1915 1407 1949 quoque
1431 1916 1465 1940 v.
1480 1905 1638 1940 227-28
1663 1906 1708 1940 3(1

200 1966 386 1997 matronas
409 1962 526 1996 refert
552 1962 714 2006 (Quaest.
738 1962 860 1997 Plaut.
887 1962 931 1997 V.
956 1973 991 2007 p.
1016 1962 1060 1997 96
1084 1963 1187 2007 sqq),
1220 1971 1332 2006 quare
1362 1972 1447 1997 num
1478 1961 1527 1996 sit
1558 1961 1708 1997 laudan-

201 2019 278 2064 dus,
304 2019 377 2055 iam
401 2018 491 2055 satis
522 2018 819 2065 significavimus
866 2019 1029 2065 Longius
1056 2019 1167 2055 etiam
1198 2020 1373 2056 Weissius
1405 2022 1461 2055 est
1484 2030 1708 2064 progressus,

202 2088 311 2121 quum
333 2088 451 2112 mares
475 2087 611 2121 quoque
636 2077 714 2111 loco
739 2077 847 2122 tangi
872 2077 941 2112 sibi
966 2077 1151 2122 persuasit
1177 2077 1212 2121 (l.
1239 2088 1266 2111 s.
1291 2087 1319 2112 s.
1344 2088 1379 2121 p.
1403 2077 1496 2121 962).

292 2180 351 2224 35>
379 2179 490 2215 Haud
514 2179 588 2214 scio
616 2189 663 2214 an
686 2179 740 2215 ita
766 2178 952 2224 dispositis
976 2179 1140 2224 personis
1165 2179 1296 2224 omnia,
1322 2190 1415 2224 quae
1447 2180 1647 2227 Waqnerus
1672 2181 1709 2217 in

202 2236 415 2273 Aululariae
442 2236 497 2272 ed.
523 2236 570 2271 ad
594 2248 629 2272 v.
652 2236 719 2273 471
745 2248 821 2281 sqq.
845 2248 930 2282 pag.
955 2236 1022 2273 129
1047 2237 1091 2272 (10
1116 2237 1308 2282 Meyadort
1331 2237 1475 2273 ratione
1501 2238 1710 2273 doctissime

202 2293 361 2338 rettulit,
386 2293 475 2328 item
500 2293 544 2328 de
569 2293 775 2339 Periphane
802 2294 926 2330 eodem
950 2293 1028 2329 iure
1053 2293 1125 2329 dici
1148 2293 1300 2339 possint.

295 2402 352 2446 36)
379 2401 483 2437 Hanc
506 2402 595 2445 quin
620 2403 825 2446 particulae
850 2402 923 2438 vim
947 2423 993 2428 —
1016 2399 1053 2442 τί
1081 2399 1135 2455 μή
1162 2402 1383 2438 Graecorum
1412 2422 1469 2447 ——‚
1503 2402 1559 2437 cui
1591 2402 1710 2448 indig-

204 2466 306 2503 natio
331 2464 508 2511 quaedam
532 2465 669 2508 subest,
708 2466 820 2502 habes
845 2465 1051 2502 sexcenties
1090 2465 1186 2511 apud
1209 2465 1381 2501 Plautum
1405 2465 1524 2510 ipsum
1548 2466 1711 2511 aliosque

206 2527 352 2560 autores
377 2533 510 2558 omnes.
557 2522 600 2557 Id
624 2533 735 2558 unum
772 2523 939 2568 interest,
976 2523 1071 2568 quod
1107 2523 1317 2568 plerumque
1356 2522 1466 2567 ,quin‘
1503 2527 1712 2568 usurpatur,

206 2592 316 2627 quum
340 2579 473 2625 aliquis
499 2580 543 2615 ab
570 2579 686 2616 altero
713 2580 851 2625 aliquid
865 2580 1063 2626 comperire
1078 2580 1240 2626 gestiens
1261 2579 1546 2616 retardationem
1559 2581 1712 2617 moleste

207 2640 292 2686 fert,
330 2639 398 2674 hoc
423 2640 547 2674 autem
581 2637 660 2673 loco
697 2637 903 2684 indignatio
939 2650 1010 2675 non
1033 2642 1110 2675 tam
1144 2639 1240 2675 servi
1263 2638 1471 2674 narratione
1507 2639 1716 2685 interrupta

207 2708 315 2741 quam
340 2695 505 2741 proxima
527 2695 720 2730 mulierum
745 2696 990 2742 castigatione
1017 2699 1193 2732 commota
1217 2695 1376 2740 1111101111,
1402 2706 1618 2741 quamquam
1642 2708 1714 2733 non

206 2753 336 2790 mirum
359 2752 391 2788 si
415 2762 526 2789 senex
550 2751 617 2788 filii
643 2753 778 2789 arcana
803 2764 883 2789 cum
907 2753 1145 2790 festinatione
1170 2754 1325 2798 quadam
1337 2763 1552 2798 pernoscere
1577 2754 1712 2799 studet,

208 2823 316 2857 quam
337 2822 410 2846 non
432 2809 503 2846 nisi
529 2809 654 2855 gravis
678 2820 736 2845 res
761 2810 948 2857 paulisper
971 2811 1160 2847 retardare
1185 2811 1317 2855 potuit.
