2052 3172
962 121 1014 161 51

212 258 386 305 uberius
415 266 673 311 exponemus
703 255 792 298 stili
821 268 907 299 non
936 255 1270 310 similitudinem,
1300 256 1377 300 sed
1397 256 1718 311 congruentiam

213 331 258 372 et
284 328 329 371 in
357 324 536 379 singulis
554 323 750 368 versibus
771 328 815 368 et
834 325 1032 369 universo
1055 328 1255 368 contextu
1275 325 1557 379 conspicuam,
1587 338 1717 369 unum

214 393 422 440 orationis
451 393 646 445 colorem,
677 392 854 435 eandem
888 392 1137 436 facetiarum
1166 393 1502 446 protervitatem,
1541 393 1719 436 eandem

212 465 257 507 in
285 475 334 507 re
373 462 487 505 seria
527 461 794 516 gravitatem,
837 461 1015 504 eandem
1054 461 1107 504 de
1149 461 1240 504 vita
1283 460 1496 516 rebusque
1542 462 1718 506 summis

213 531 582 585 existimationem,
613 543 721 585 quae
740 530 949 574 Plautinis
979 530 1173 573 omnibus
1194 530 1432 573 communia
1461 543 1554 574 esse
1582 531 1634 574 G.
1658 531 1713 574 A.

213 601 426 644 Beckerus
460 600 487 643 l.
511 612 544 643 s.
567 612 600 643 s.
639 599 799 643 diserte
840 602 1090 654 persecutus
1131 602 1208 652 est,
1256 599 1300 642 in
1337 599 1515 654 Epidico
1551 613 1717 656 quoque

213 682 421 726 apparere
440 673 568 724 atque
588 669 786 721 eminere,
817 669 943 711 immo
964 669 1073 712 hanc
1092 667 1279 712 fabulam
1299 672 1536 712 ceterarum
1565 670 1716 724 pleris-

213 753 294 795 que
329 742 564 794 praestare.
614 737 761 792 Neque
790 751 891 782 vero
922 751 1032 782 nunc
1052 738 1223 793 quidem
1253 741 1332 790 est,
1365 751 1441 781 cur
1459 751 1551 782 rem
1568 740 1716 783 metri-

213 822 304 853 cam
342 809 404 851 ita
442 811 678 861 tangamus,
724 810 773 850 ut
812 807 864 850 de
908 807 1075 861 Epidici
1125 810 1298 849 auctore
1346 807 1444 850 inde
1489 808 1718 865 quidquam

213 878 455 930 efficiamuS‚
477 889 606 931 quum
625 876 968 919 doctissimorum
997 877 1186 919 virorum
1216 874 1474 919 editionibus
1504 878 1718 933 quaestio-

212 947 420 1002 nibusque
439 946 525 988 iam
544 945 650 988 satis
668 947 950 987 monstratum
971 944 1041 996 sit,
1063 944 1416 1000 quemadmodum
1433 945 1574 988 Plauti
1594 959 1718 1000 prae-

214 1016 372 1059 clarum
404 1013 617 1068 ingenium
647 1016 696 1056 ut
724 1013 767 1055 in
798 1013 954 1056 ceteris
983 1011 1138 1055 fabulis
1168 1013 1230 1055 ita
1260 1013 1304 1055 in
1333 1013 1499 1067 Epidici
1529 1015 1718 1057 numeris

214 1084 433 1139 eligendis,
465 1083 693 1136 variandis,
725 1082 1024 1137 componendis
1045 1085 1184 1124 certas
1213 1082 1329 1136 leges
1351 1075 1543 1125 secutum
1574 1083 1718 1138 singu-

213 1154 304 1197 lare
334 1165 380 1195 se
409 1151 690 1206 praestiterit.

327 1277 534 1329 Quoniam
564 1276 696 1330 igitur
724 1275 947 1329 Epidicum
977 1287 1061 1318 non
1091 1275 1230 1318 minus
1261 1288 1388 1332 quam
1418 1277 1544 1319 aliam
1573 1289 1718 1332 quam-

212 1347 278 1390 vis
307 1345 549 1389 Plautinam
593 1344 851 1388 comoediam
894 1342 1098 1398 moribus,
1151 1343 1325 1397 salibus,
1372 1345 1572 1398 numeris,
1618 1346 1717 1389 stilo

212 1415 355 1458 Plauti
385 1427 514 1470 quum
543 1426 693 1457 aevum
722 1416 814 1456 tum
843 1412 1146 1456 facetissimum
1166 1414 1381 1468 ingenium
1411 1414 1599 1468 resipere
1628 1413 1718 1457 fere

213 1496 359 1528 omnes
399 1486 636 1536 senserunt,
681 1482 844 1525 relictis
880 1482 965 1524 iam
1006 1482 1158 1525 ceteris
1201 1483 1461 1536 argumentis
1504 1482 1632 1526 fixum
1674 1487 1719 1526 et

218 1556 427 1596 statutum
465 1552 636 1594 videtur
674 1563 752 1594 nos
791 1563 874 1593 non
914 1563 1071 1602 errare,
1118 1551 1155 1593 si
1194 1551 1345 1594 Plauto
1384 1551 1493 1594 hanc
1531 1550 1719 1594 fabulam

219 1621 424 1665 Varronis
468 1620 768 1664 auctoritatem
812 1619 945 1662 secuti
989 1619 1079 1662 sine
1123 1619 1404 1663 haesitatione
1443 1620 1717 1663 vindicamus.

216 1689 349 1745 Atqui
383 1690 699 1743 peropportune
734 1686 911 1741 Epidico
942 1687 1108 1741 accidit,
1146 1690 1195 1729 ut
1230 1687 1463 1729 Bitschelii
1497 1688 1720 1742 scrupulos

216 1756 453 1802 manifestis
482 1754 744 1811 argumentis
774 1768 825 1799 ex
854 1755 994 1798 animo
1025 1756 1207 1799 evellere
1236 1756 1376 1800 liceat.

332 1849 473 1906 Atque
503 1848 686 1903 primum
723 1847 995 1891 recordemur
1031 1848 1124 1890 triti
1154 1848 1269 1891 illius
1305 1860 1454 1891 versus
1494 1848 1537 1891 in
1566 1848 1718 1892 Bacch.

215 1919 382 1972 lI‚2,36
414 1918 516 1973 (214
537 1916 738 1971 Bitsch.),
770 1930 853 1973 quo
882 1920 1010 1970 poeta
1037 1917 1129 1970 ipse
1149 1917 1372 1971 Epidicum
1403 1929 1523 1960 suam
1545 1918 1719 1960 summis

215 1985 413 2029 laudibus
444 1985 584 2029 effert:

273 2076 369 2119 Non
398 2076 482 2153 res,
515 2077 590 2120 sed
620 2079 741 2119 actor
769 2076 871 2118 mihi
903 2089 976 2119 cor
1006 2077 1102 2119 odio
1134 2077 1315 2130 sauciat3

273 2157 414 2201 Etiam
434 2156 671 2212 Epidicum,
692 2168 817 2212 quam
838 2169 916 2211 ego
937 2156 1121 2200 fabulam
1141 2170 1275 2213 aeque
1295 2170 1344 2200 ac
1365 2170 1430 2200 me
1451 2158 1590 2211 ipsum
1609 2169 1716 2208 ame,

272 2226 443 2269 Nullam
473 2225 608 2282 aeque
639 2225 797 2268 invitus
827 2225 984 2279 specto,
1016 2226 1052 2268 si
1083 2226 1172 2279 agit
1200 2226 1347 2268 Pellio.

327 2318 523 2372 Inte-gros
561 2317 640 2361 hos
679 2330 829 2361 versus
874 2321 989 2362 certe
1028 2318 1145 2361 nulla
1183 2330 1231 2361 re
1268 2318 1312 2360 in
1353 2316 1527 2361 dubium
1568 2329 1718 2360 vocare

215 2387 417 2441 cogimur.
477 2387 685 2430 Nullane?
713 2387 888 2431 Minime
917 2400 1030 2430 vero.
1091 2386 1147 2429 K.
1168 2387 1227 2429 H.
1255 2386 1440 2429 Weisius
1470 2399 1593 2430 suum
1624 2398 1718 2429 esse

213 2454 394 2508 putabat
423 2459 661 2500 monstrare
670 2457 723 2512 Η)
755 2457 1022 2500 doctissimos
1053 2469 1195 2499 omnes
1217 2456 1331 2499 viros
1352 2455 1591 2499 incredibili
1612 2468 1716 2511 quo-

215 2523 312 2567 dam
340 2536 495 2579 sopore
530 2528 574 2568 et
602 2525 731 2568 animi
761 2525 1045 2580 perversitate
1075 2527 1222 2579 captos
1252 2537 1336 2568 non
1366 2524 1719 2567 animadvertisse

214 2603 343 2647 quum
372 2594 528 2637 multos
548 2594 841 2637 Plautinarum
870 2593 1111 2638 fabularum
1141 2594 1256 2636 locos
1286 2597 1377 2636 tum
1406 2596 1522 2635 totas
1553 2591 1719 2636 fabulas

213 2660 409 2718 interque
439 2675 512 2706 eas
532 2663 762 2707 Bacchides
793 2664 845 2707 ab
866 2664 1009 2718 inepto
1029 2666 1157 2718 poeta
1177 2662 1432 2717 compositas
1464 2674 1571 2714 esse,
1604 2662 1719 2718 quod

213 2730 324 2774 idem
354 2731 407 2774 de
427 2731 604 2784 Epidico
635 2732 834 2779 universa
864 2732 1117 2775 contendere
1137 2744 1231 2774 non
1253 2730 1476 2774 dubitavit.
1538 2731 1720 2773 Etiamsi

1585 2821 1616 2848 4.
