2052 3172
895 222 900 228 ,
973 177 1037 218 59

262 310 449 353 alterove
479 322 589 353 anno
619 307 719 364 Post
745 309 853 364 legis
874 309 1194 365 abrogationem
1218 312 1382 352 tantam
1401 320 1607 352 novorum
1636 308 1768 351 nomi-

261 392 362 422 num
392 379 615 421 colluviem
649 377 742 421 fieri
778 392 862 422 non
901 379 1093 434 potuisse
1129 380 1199 422 vix
1237 378 1461 432 quisquam
1496 377 1590 419 iure
1626 380 1765 430 neget.

262 447 416 503 (Simili
445 447 569 490 modo
585 446 865 502 Ladewiyius
895 448 948 491 ad
965 448 1057 490 Aul.
1081 451 1250 502 tempus
1270 445 1542 498 statuendum
1561 444 1614 487 de
1635 444 1766 488 inter-

260 516 372 558 vallo
402 527 453 558 ex
473 514 611 568 Oppia
639 515 733 569 lege
761 519 935 569 peracto
966 517 1127 570 cogitat
1155 517 1199 558 in
1220 515 1472 556 Zimmerm.
1506 513 1645 556 diurn.
1677 518 1764 556 ant.

261 584 372 628 stud.
415 597 451 627 a.
489 587 592 627 1841
632 597 672 638 p.
702 587 809 627 1085
832 597 937 640 sqq.,
980 584 1031 629 cf.
1069 588 1295 640 praeterea
1333 582 1594 639 Waynerum
1624 582 1650 625 1.
1673 595 1705 626 s.
1730 595 1763 625 s.

260 666 300 706 p.
325 652 409 706 24).
469 652 661 706 Denique
697 653 810 706 quod
846 654 900 696 ad
944 666 1099 696 annum
1135 653 1315 695 DLXIII
1362 651 1634 694 statuendum
1670 663 1766 693 sen-

261 720 397 763 tentia
425 723 575 762 nostra
614 721 815 764 libentius
846 722 1040 764 inclinat:
1079 734 1131 764 ex
1166 721 1241 774 eis,
1273 732 1382 774 quae
1417 719 1470 762 de
1506 720 1616 762 raris
1652 720 1765 762 ludis

262 788 440 831 scenicis
470 791 706 842 poetaeque
727 788 971 833 defensione
989 789 1115 832 modo
1136 788 1372 840 attulimus,
1405 787 1765 830 verisimilitudini

264 856 434 910 quidem
466 855 764 900 sub'veniamus
800 870 923 911 quam
963 859 1155 909 maxime,
1193 858 1230 900 si
1260 857 1483 910 Epidicum
1518 868 1554 898 a.
1586 855 1766 898 DLXIII

260 925 443 978 primum
474 929 721 979 spectatam,
757 926 933 969 DLXIV
968 927 1168 969 iteratam
1210 930 1254 969 et
1284 926 1455 980 saepius
1484 924 1668 968 fortasse
1698 937 1764 967 re-

260 993 451 1046 petitam,
482 994 636 1036 DLXV
674 995 808 1048 ipsius
837 998 991 1048 poetae
1020 995 1145 1037 laude
1174 995 1347 1048 egregia
1382 994 1435 1036 ab
1466 993 1610 1046 iniqua
1645 1006 1764 1046 spec-

261 1060 445 1103 tantium
481 1062 637 1105 livione
673 1063 929 1106 vindicatam
974 1064 1261 1106 exhibeamus.
1319 1063 1378 1104 Et
1412 1074 1512 1121 ⁴vero
1548 1061 1764 1103 annalium

260 1133 451 1172 veterum
479 1131 725 1174 memoriam
753 1132 1008 1185 'replicantes
1038 1136 1086 1175 ut
1105 1132 1199 1174 Livi
1229 1130 1472 1174 testimonio
1503 1130 1556 1173 de
1586 1129 1765 1172 scenicis

260 1197 372 1240 ludis
402 1198 457 1240 ad
486 1198 634 1251 DLXI,
673 1199 842 1253 DLXH,
883 1200 1058 1242 DLXIV
1081 1196 1227 1242 vannos
1262 1199 1499 1242 referendis
1539 1197 1665 1252 plane
1701 1200 1765 1239 ta-

260 1266 394 1309 centis
425 1267 509 1309 vim
525 1267 775 1311 absolutam
805 1269 884 1312 hac
914 1269 957 1311 in
988 1282 1035 1312 re
1065 1269 1224 1311 nullam
1262 1267 1545 1320 concedimus,
1576 1265 1766 1319 quando-

261 1334 431 1389 quidem
460 1335 557 1378 illos
586 1348 740 1390 magna
770 1350 821 1379 ex
850 1341 973 1391 parte
1003 1337 1087 1379 iam
1116 1337 1380 1391 aliquantum
1410 1335 1616 1389 temporis
1646 1334 1765 1377 anni-

260 1404 473 1446 versarios
503 1404 636 1447 fuisse
656 1409 824 1448 constat
854 1405 923 1460 (cf.
945 1406 1111 1448 Ritsch.
1135 1419 1226 1459 par.
1257 1406 1284 1448 1.
1308 1418 1342 1448 s.
1365 1404 1431 1459 s.),
1461 1405 1523 1447 ita
1543 1403 1596 1446 ab
1618 1403 1765 1446 eodem

260 1475 409 1514 autore
449 1473 703 1526 comperisse
742 1473 860 1516 iuvat
908 1474 1048 1528 ipsum
1087 1474 1266 1516 DLXIII
1311 1485 1465 1516 annum
1506 1470 1763 1515 solemnibus

259 1539 573 1594 Megalensibus
603 1541 781 1595 aliisque
807 1542 919 1584 ludis
950 1542 1067 1585 aedis
1086 1543 1326 1585 Iuventutis
1357 1541 1615 1584 dedicandae
1635 1551 1765 1582 causa

258 1608 385 1651 factis
414 1609 624 1662 insignem
653 1608 787 1653 fuisse
817 1611 861 1665 (l.
885 1610 1173 1665 XXXVI,36).
1208 1611 1337 1665 Atqui
1349 1609 1588 1663 Megalesia
1619 1609 1763 1663 plures

260 1678 352 1721 dies
390 1686 435 1721 et
464 1678 578 1732 ipsos
615 1678 726 1721 ludis
768 1679 945 1722 scenicis
976 1678 1253 1723 celebrandos
1290 1679 1468 1722 durasse
1497 1677 1765 1720 Ritschelius

260 1759 283 1789 e
318 1747 517 1789 Pseudoli
547 1747 663 1789 exitu
691 1747 851 1790 eisdem
879 1748 991 1790 ludis
1027 1748 1178 1791 doctae
1208 1747 1400 1790 coniecit.
1461 1746 1573 1797 Quid
1602 1747 1763 1800 igitur?

258 1815 523 1857 Meminimus
553 1815 723 1868 quidem
752 1815 907 1859 alicubi
936 1829 1014 1859 nos
1035 1817 1178 1870 legere
1208 1816 1338 1859 alium
1357 1815 1587 1869 quemlibet
1616 1815 1763 1858 eadem

258 1883 424 1926 ratione
454 1883 580 1925 aliam
608 1883 750 1926 Plauti
779 1883 966 1927 fabulam
996 1885 1210 1937 ,crastino‘
1251 1884 1313 1927 illi
1343 1884 1429 1926 diei
1438 1884 1491 1935 5³⁵)
1530 1883 1763 1936 addixisse3

259 1950 334 1993 sed
373 1963 426 1994 ne
465 1951 527 1994 ita
572 1952 741 2006 quidem
787 1952 876 1996 ludi
916 1954 1070 1997 scenici
1121 1967 1158 1996 a.
1200 1953 1380 1995 DLXIII
1418 1953 1642 2007 Epidicum
1680 1965 1764 1995 non

264 2019 448 2073 capiunt.

370 2089 435 2131 De
465 2090 628 2136 Graeco
659 2090 888 2143 exemplari
917 2103 1025 2145 quae
1056 2103 1312 2143 censeamus,
1354 2092 1437 2134 alio
1468 2092 1560 2142 loco
1589 2089 1764 2134 uberius

258 2161 446 2202 tractare
475 2159 518 2201 in
548 2158 688 2201 animo
719 2162 796 2201 est.

739 2498 792 2502 -—
796 2487 1283 2511 WORQ
