2052 3172
945 166 998 204 77

155 311 181 323 0
225 298 381 335 Weisius
404 297 529 342 inique
553 297 779 342 vituperavit
801 297 979 334 malitiam
993 298 1126 334 Plauto
1151 298 1350 345 indignam,
1376 310 1456 334 eam
1479 298 1517 334 in
1531 299 1721 334 Menaech-

218 365 354 391 morum
378 354 524 400 quidem
546 354 711 391 versibus
736 354 790 391 ita
814 355 1008 391 manifesto
1035 354 1257 391 offendimus.

309 467 367 513 51)
404 468 533 504 Potuit
572 469 718 514 quidem
749 460 865 505 Pellio
904 471 964 514 (cf.
988 471 1125 506 Ritsch.
1165 481 1242 516 par.
1267 482 1301 515 p.
1326 471 1406 514 196,
1432 470 1512 514 252,
1538 469 1617 513 256,
1642 470 1722 511 336,

218 524 372 561 Studem.
399 526 466 567 ,De
492 529 564 561 act.
578 526 691 562 Stich.
716 528 838 572 temp.‘
863 539 897 573 p.
911 527 969 572 21)
997 527 1109 563 etiam
1135 527 1330 563 cuiuslibet
1355 528 1448 563 alius
1473 530 1605 572 poetae
1621 529 1724 561 actor

219 591 313 627 esse3
349 582 414 618 sed
438 583 569 619 ceteris
594 584 820 629 argumentis
843 584 1020 630 respectis
1055 585 1167 620 etiam
1204 585 1288 620 huic
1323 585 1378 620 rei
1414 584 1619 630 graviorem
1643 584 1721 619 vin—

220 638 322 673 cendi
347 639 421 674 vim
444 640 606 675 tribuere
631 651 703 676 non
729 641 946 676 dubitamus.

309 752 367 797 52)
401 752 485 788 Sine
509 753 753 790 haesitatione
789 755 1241 800 amplectimurRitseheli
1276 755 1495 790 sententiam
1530 753 1721 790 scribentis

220 809 310 854 (par.
335 820 369 854 p.
383 808 482 854 351„
508 810 596 855 ,Quo
622 810 660 846 in
685 820 820 857 genere
845 811 935 846 illud
959 812 1066 847 valde
1100 815 1157 847 est
1180 811 1413 848 memorabile
1446 811 1586 846 omnino
1611 811 1721 856 longe

218 865 390 902 maiorem
413 870 557 912 partem
581 868 785 904 fabularum
807 869 1070 914 Plautinarum,
1098 879 1191 914 quae
1217 869 1361 913 quidem
1385 868 1600 914 superstites
1624 872 1720 910 sunt,

218 923 444 967 provectiore
470 928 594 960 aetate
620 930 731 970 atque
770 926 860 961 adeo
898 926 1178 972 ingravescente
1215 929 1363 961 senecta
1400 930 1531 970 poetae
1567 925 1721 969 scriptas

218 979 347 1026 videri,
372 980 486 1026 ipsius
510 980 713 1018 iuventutis
737 994 872 1027 paucas
898 981 1054 1030 exstare,
1079 984 1189 1030 longe
1213 982 1388 1028 plurimas
1414 982 1498 1017 olim
1513 981 1720 1026 exstitisse‘,

220 1036 275 1073 ita
299 1037 454 1083 quidem,
479 1042 523 1074 ut
546 1038 684 1084 priores
709 1039 792 1076 illas
816 1040 896 1076 ideo
916 1040 1101 1077 interiisse
1126 1041 1298 1084 dicamus,
1325 1039 1411 1084 quia
1434 1042 1476 1074 ut
1500 1038 1617 1074 minus
1641 1049 1720 1084 per-

220 1093 340 1129 fectae
364 1093 542 1139 simulque
566 1096 658 1132 satis
688 1096 850 1133 incertae
873 1097 1168 1143 interpolationis
1202 1100 1313 1142 atque
1344 1087 1433 1131 adeo
1464 1095 1720 1141 suppositionis

219 1150 416 1196 suspicioni
440 1151 512 1188 iam
536 1153 709 1190 Varronis
732 1158 895 1200 tempore
921 1155 1133 1191 obnoxiores
1161 1158 1276 1199 erant,
1302 1165 1410 1198 quam
1434 1164 1527 1198 quae
1552 1152 1720 1188 aestima-

219 1208 291 1243 tori
314 1208 583 1254 ingenuitatem
606 1221 709 1245 suam
734 1211 941 1247 credibilem
965 1213 1116 1247 reddere
1141 1214 1300 1257 possent.

311 1334 368 1378 53)
395 1334 449 1369 Cf.
475 1345 529 1369 ex.
555 1346 609 1380 gr.
635 1346 728 1380 quae
752 1337 822 1371 huc
846 1337 1070 1381 pertinentia
1101 1337 1138 1371 in
1169 1337 1339 1372 Ribbeck-i
1363 1334 1537 1370 Alazonis
1570 1344 1721 1369 censura

219 1391 327 1426 Burs.
353 1390 483 1428 Annal.
509 1392 596 1437 phil.
620 1394 743 1428 XXXI
766 1405 800 1439 p.
825 1393 872 1430 94
895 1406 971 1439 sqq.
1008 1405 1030 1429 a
1053 1394 1225 1439 Seyfferto
1262 1393 1407 1438 scripta
1435 1395 1598 1428 exstant:
1634 1392 1720 1437 ,Das

218 1448 252 1483 3.
265 1447 415 1493 Kapitel
444 1450 520 1493 (der
543 1450 786 1494 plautinische
810 1451 913 1486 miles
927 1451 1119 1496 gloriosus)
1147 1454 1303 1486 erortert
1327 1450 1504 1485 zunaehst
1530 1449 1587 1483 die
1601 1449 1719 1492 Frage

219 1504 311 1540 nach
335 1505 416 1541 dem
440 1506 633 1542 Verfasser
657 1507 719 1543 des
745 1506 928 1553 Originals
954 1535 1081 1544 ......
1108 1508 1181 1543 und
1206 1507 1298 1543 nach
1329 1507 1392 1542 der
1416 1505 1722 1550 Abfassungszeit

220 1562 282 1598 des
306 1562 547 1598 lateinischen
561 1563 702 1608 Stiicks,
728 1565 788 1600 fiir
811 1566 940 1601 dessen
951 1565 1185 1610 Entstehung
1209 1565 1247 1599 in
1272 1564 1372 1599 einer
1378 1564 1554 1608 friilteren
1568 1562 1721 1597 Periode

220 1620 283 1654 des
307 1619 461 1655 Plautus
488 1619 547 1655 ein
571 1631 684 1656 neuer
708 1622 1014 1658 beachtenswerter
1037 1621 1300 1667 Beweisgrund
1326 1621 1407 1656 dem
1418 1620 1618 1656 Umstande
1644 1623 1719 1654 ent·

220 1687 384 1713 nommen
408 1677 509 1721 wird,
535 1679 618 1714 dass
642 1680 704 1714 der
727 1681 879 1715 Dichter
901 1682 942 1715 in
965 1681 1032 1715 den
1055 1680 1303 1714 nachweislich
1325 1682 1484 1722 spetiei-er
1508 1679 1590 1712 Zeit
1619 1689 1722 1722 arvae-

220 1734 366 1779 hdriyen
379 1734 530 1770 Stucken
554 1729 611 1770 die
636 1736 783 1771 breite-re
795 1736 1036 1782 Ausfilhrunq
1060 1735 1314 1771 militaris-cher
1335 1734 1565 1770 Prahlereien
1588 1734 1644 1769 als
1667 1735 1724 1769 cin

220 1795 371 1827 sattsam
396 1792 616 1828 behandeltes
630 1794 762 1828 Thema
785 1795 927 1829 ablelmt
940 1821 1068 1829 ......
1072 1793 1208 1837 ‘Atqui
1232 1792 1335 1828 miles
1360 1791 1396 1826 in
1410 1791 1561 1836 Epidico
1586 1792 1724 1826 duobus

220 1848 408 1883 versiculis
435 1849 595 1893 exceptis
623 1850 807 1893 (438—39)
848 1851 891 1885 de
917 1850 1117 1886 virtutibus
1154 1849 1227 1884 suis
1263 1849 1371 1893 plane
1408 1852 1526 1886 tacet,-
1565 1857 1651 1892 ergo
1688 1847 1725 1882 in

219 1908 380 1941 nostram
404 1908 546 1951 partem
571 1906 926 1952 argumentationem
951 1907 1115 1953 accipere
1141 1906 1277 1942 licebit.

312 2026 369 2069 54.)
396 2025 498 2060 Idem
523 2026 600 2060 fere
625 2025 657 2061 si
687 2026 887 2072 Wagner-us
910 2026 933 2061 1.
959 2037 986 2061 s.
1014 2036 1041 2061 s.
1078 2036 1112 2071 p.
1137 2025 1183 2061 34
1207 2035 1251 2060 ex
1275 2034 1359 2060 aere
1383 2024 1533 2060 militari
1560 2024 1725 2060 concludi

220 2093 325 2127 posse
349 2081 519 2127 opinatur
543 2084 718 2119 scribens:
745 2083 925 2129 ,Breviter
949 2083 1123 2127 addimus,
1150 2094 1367 2126 quamquam
1387 2092 1480 2126 quae
1493 2083 1724 2127 Ladewiyius

221 2139 266 2173 de
289 2139 396 2183 Epid.
421 2143 583 2184 tempore
610 2140 818 2185 disputavit
852 2141 926 2175 iam
963 2143 1062 2175 stare
1098 2150 1168 2174 non
1193 2142 1355 2184 possunt,
1392 2142 1515 2173 tamen
1549 2149 1619 2173 uno
1644 2138 1722 2172 loco

220 2196 365 2241 probari
388 2196 618 2233 Aululariam
643 2201 681 2233 et
704 2197 895 2243 Epidicum
920 2197 1046 2233 eodem
1070 2197 1148 2232 fere
1172 2200 1335 2241 tempore
1373 2195 1588 2241 compositas
1632 2206 1722 2239 esse,

220 2263 327 2297 quem
350 2255 468 2289 locum
504 2255 576 2289 iam
612 2266 722 2299 supra
760 2254 1114 2290 commemoravimus
1151 2258 1271 2289 annot.
1299 2254 1360 2297 323
1398 2253 1436 2288 in
1472 2252 1723 2287 historicorum

220 2313 343 2346 tamen
367 2310 469 2347 libris
494 2311 584 2346 nihil
607 2311 810 2348 invenimus
836 2323 905 2357 quo
932 2318 1128 2358 appareret
1164 2311 1227 2347 illo
1252 2314 1413 2356 tempore
1441 2309 1585 2355 saepius
1610 2309 1722 2344 fuisse

219 2367 398 2403 tributum
422 2372 618 2414 negatum:
643 2369 681 2404 id
706 2370 801 2413 quod
827 2380 846 2405 e
872 2370 1056 2405 comoedia
1081 2370 1159 2405 sola
1183 2368 1347 2403 discitur‘
1374 2379 1474 2411 quoc.
1501 2367 1544 2402 cf.
1571 2378 1652 2401 ann.
1677 2367 1722 2402 32

222 2427 268 2469 (p.
294 2424 351 2469 16)
379 2425 537 2460 eiusdem
562 2426 722 2461 dissert.:
755 2427 891 2472 ,Neque
927 2427 1043 2463 minus
1077 2437 1171 2471 quae
1207 2427 1251 2461 de
1275 2426 1391 2461 milite
1417 2435 1478 2459 aes
1514 2424 1722 2469 postulant-e

221 2482 330 2527 (Aul.)
356 2482 427 2527 III,
441 2483 473 2527 5,
488 2483 532 2518 52
557 2494 634 2528 sqq.
658 2485 834 2530 leguntur
859 2485 906 2521 ad
930 2486 1111 2520 Romanos
1142 2494 1257 2519 mores
1282 2483 1467 2528 pertinent
1564 2509 1572 2517 .
1598 2482 1723 2517 eadem

219 2550 305 2575 vero
330 2549 388 2574 res
412 2539 583 2585 tangitur
606 2541 711 2586 Epid.
738 2541 883 2584 112‚43
907 2542 996 2586 sqq.‘
1033 2551 1161 2577 vereor
1193 2551 1237 2576 ne
1268 2551 1339 2575 non
1362 2540 1509 2583 habeat,
1548 2549 1617 2581 quo
1643 2548 1721 2572 scn-

219 2595 374 2631 tentiam
398 2596 489 2631 satis
515 2596 701 2641 defendat,
728 2609 837 2642 quum
861 2598 1053 2644 Megadori
1085 2598 1229 2642 quidem
1266 2596 1381 2632 oratio
1417 2595 1612 2631 manifesto
1652 2606 1723 2630 non

218 2652 290 2689 nisi
314 2653 432 2699 Oppia
456 2654 540 2700 lege
566 2655 745 2701 abrogat-a
769 2656 895 2691 haberi
919 2655 1093 2701 potuerit,
1132 2655 1346 2700 Periphanis
1385 2657 1511 2689 contra
1536 2653 1724 2688 cavillatio

218 2710 378 2746 virorum
401 2712 720 2764 remfamiliagem
746 2723 825 2748 cum
856 2712 1106 2748 meretricibus
1136 2716 1211 2748 tam
1235 2711 1392 2756 turpiter
1415 2710 1724 2755 profundent-iuni,

218 2772 262 2805 ut
289 2768 466 2805 tributum
491 2768 708 2815 imperatum
744 2771 884 2807 solvere
919 2781 991 2806 non
1027 2771 1178 2817 possint,
1217 2781 1296 2806 cum
1319 2769 1402 2816 lege
1426 2769 1490 2804 illa
1515 2768 1630 2805 artius
1655 2780 1726 2806 non
