2052 3172
945 105 1052 178 ⁵78

271 273 487 309 cohaereat:
513 284 596 308 nam
622 273 699 309 tale
723 271 862 318 aliquid
887 271 985 308 omni
1007 275 1170 318 tempore
1195 272 1361 309 accidere
1375 272 1509 318 potuit.
1542 272 1681 309 Ceteris
1694 282 1781 309 vero

269 329 498 377 argumentis
522 329 699 375 respectis
738 340 811 365 non
846 329 1084 375 improbabile
1118 333 1175 366 est
1197 330 1287 377 ipsis
1312 330 1386 366 illis
1422 330 1526 367 annis
1551 329 1701 367 Catonis
1723 340 1780 366 re-

269 389 410 434 pulsam
434 387 711 432 insequentibus
736 387 912 424 eiusmodi
936 399 994 424 res
1015 388 1173 440 famosqs
1198 388 1378 424 effrenata
1409 388 1601 425 mulierum
1629 387 1781 425 licentia

270 445 469 481 crebriores
508 455 587 481 esse
623 444 786 491 coepisse
822 445 977 491 ideoque
1014 457 1037 482 a
1063 445 1198 482 comico
1228 445 1362 490 notari,
1397 446 1495 482 unde
1519 445 1664 492 Epidici
1687 445 1783 482 diem

269 503 433 539 natalem
458 503 720 548 quodammodo
752 503 918 539 conicere
941 503 1071 550 liceat3
1111 515 1190 540 cum
1214 502 1407 540 Aulularia.
1431 506 1566 548 autem,
1604 503 1783 549 siquidem

276 560 478 606 Waqnems
500 563 600 596 recte
620 570 701 596 eam
725 559 771 595 ad
784 559 952 595 ultimam
964 560 1091 597 Plauti
1114 564 1341 597 senectutem
1352 560 1502 596 rettulit
1527 560 1564 605 (1.
1580 572 1609 596 s.
1622 571 1651 597 s.
1676 572 1711 607 p.
1724 560 1781 607 24,

272 617 328 653 ed.
353 617 477 654 Aulul.
501 629 536 663 p.
563 617 631 654 129
655 617 702 654 ad
726 629 760 654 v.
785 617 879 664 471),
905 617 1080 664 Epidicus
1105 617 1272 655 connecti
1296 618 1396 654 nullo
1420 617 1524 654 modo
1548 620 1684 664 potest.

361 721 420 765 55)
447 720 578 757 Pseud.
592 721 636 765 V,
649 720 683 765 2,
696 720 758 756 32:
848 722 983 756 Verum
1008 721 1040 756 si
1064 721 1174 757 voltis
1198 721 1421 767 applaudere
1445 723 1557 765 atque
1581 720 1782 766 approbare

545 779 652 814 Hunc
677 788 830 825 gregem
855 781 894 814 et
917 778 1091 823 fabulam,
1116 779 1158 814 in
1182 780 1380 816 erastinum
1403 790 1467 815 vos
1491 789 1591 815 voco.

841 1468 1214 1514 corrigenda.

366 1572 461 1608 Dum
485 1572 635 1609 ultimas
660 1573 831 1619 plagulas
858 1572 1011 1619 corrigo,
1038 1574 1177 1611 duobus
1210 1573 1299 1610 locis
1323 1573 1482 1609 iuvenem
1515 1583 1593 1609 esse
1625 1573 1785 1619 positum

273 1640 337 1675 pro
362 1629 584 1666 adulescente
608 1629 813 1666 comoediae
841 1630 887 1674 (v.
914 1642 1001 1677 pag.
1016 1632 1038 1667 5
1062 1632 1086 1668 l.
1101 1633 1134 1678 7,
1161 1643 1246 1678 pag.
1261 1632 1283 1667 6
1307 1632 1330 1667 1.
1345 1630 1403 1675 21)
1435 1640 1502 1666 nec
1526 1641 1598 1666 non
1621 1630 1786 1667 divinare

274 1697 399 1722 vocem
424 1690 466 1722 ut
489 1688 640 1723 verbum
663 1687 847 1732 deponens
871 1687 1018 1733 saepius
1043 1689 1137 1725 falso
1163 1687 1332 1734 usurpari
1359 1689 1456 1734 (pag.
1470 1687 1517 1724 23
1540 1688 1564 1723 1.
1579 1688 1614 1733 3,
1639 1699 1725 1734 pag.
1739 1688 1784 1724 31

273 1744 298 1780 1.
324 1744 379 1789 11,
405 1756 491 1791 pag.
517 1744 559 1780 41
586 1745 610 1780 l.
635 1746 668 1789 3,
701 1756 788 1791 pag.
814 1745 860 1781 46
885 1746 909 1781 1.
933 1746 990 1791 21,
1023 1758 1109 1793 pag.
1124 1747 1169 1783 47
1194 1747 1290 1789 1.17>
1317 1757 1397 1782 cum
1420 1745 1604 1781 stomacho
1630 1745 1786 1791 quodam

272 1801 398 1837 serius.
415 1802 674 1837 animadverti:
700 1802 831 1846 quibus
857 1803 996 1838 mendis
1022 1804 1174 1849 benigni
1200 1802 1446 1839 aestimatoris
1476 1813 1605 1848 precor
1629 1803 1784 1839 veniam.

272 1859 474 1895 Praeterea
498 1870 584 1905 pag.
607 1858 651 1895 51
677 1859 701 1895 1.
724 1859 747 1895 2
771 1870 835 1905 pro
861 1865 1134 1897 ratraetatorem
1157 1861 1242 1907 lege
1267 1864 1545 1897 retractatorem.
