2052 3172
991 106 1044 149 29

267 243 508 297 suspicione
549 244 654 286 adeo
696 256 779 286 non
815 257 862 286 se
900 245 1180 296 resolverunt,
1222 247 1271 285 ut
1300 243 1583 297 patrocinium
1623 255 1768 285 eorum

266 313 482 367 suscipere
511 325 645 366 paene
674 312 905 356 verendum
936 314 1004 357 sit.
1058 313 1102 356 Si
1132 312 1403 355 nihilominus
1432 312 1475 354 in
1496 311 1574 354 1130
1603 323 1769 366 quoque

266 394 314 423 re
343 381 646 434 periclitamur,
677 394 805 442 quum
835 382 938 424 10018
969 395 1053 425 11011
1090 382 1181 424 81116
1221 381 1347 434 0111111,
1379 381 1416 423 si
1446 381 1513 423 dis
1542 381 1696 434 placet,
1727 381 1768 423 vi

268 450 463 493 vincendi
507 449 643 493 adhuc
673 451 868 493 tractatis
903 454 993 493 tum
1023 450 1078 493 A.
1105 449 1308 505 Spenyeh‘
1335 449 1579 492 recensione
1615 449 1773 492 disser-

264 519 442 562 tationis
495 518 572 570 ,De
609 519 749 561 Plauti
779 519 1011 561 Aulularia‘
1055 532 1080 560 a
1117 519 1168 560 G.
1202 518 1408 572 Waqnero
1448 519 1620 560 Bonnae
1658 531 1768 560 anno

270 592 379 632 1864
409 588 549 631 editae
579 588 835 642 impellimur
876 588 976 643 (vid.
1009 589 1095 632 Eos
1131 591 1237 631 1865
1268 601 1308 642 p.
1339 587 1449 642 113),
1489 585 1564 630 ubi
1594 587 1648 630 de
1676 587 1768 631 loco

265 657 488 699 tractando
520 657 680 709 scripta
709 657 969 698 invenimus:
1017 658 1150 710 ,Auch
1181 658 1257 698 der
1288 657 1469 709 Anhang
1507 655 1614 697 iiber
1637 656 1767 709 Epid.

264 726 319 779 Π,
337 728 375 778 2,
393 728 445 768 38
477 723 711 779 iiberzeugt
748 725 866 768 nicht
896 726 989 768 etc‘.
1050 727 1139 779 Age
1170 720 1635 778 001181(161·6111118,”1111111
1671 724 1769 767 doc-

265 794 456 836 tissimus
487 795 553 836 vir
582 794 643 836 ita
671 797 788 836 recte
817 794 1091 836 recensuerit.

379 863 540 905 Eorum
585 862 708 914 enim,
754 862 826 916 qui
871 875 908 904 v.
933 864 1013 904 229
1046 875 1134 916 sqq.
1183 863 1352 905 omnino
1398 866 1446 905 ut
1489 862 1769 916 interpolatos

266 932 409 973 delere
427 933 587 984 volunt,
626 931 677 972 G.
705 931 943 985 Waynerus
972 932 998 973 l.
1023 944 1056 973 8.
1080 945 1129 983 8.,
1161 944 1284 985 quem
1306 944 1456 974 rursus
1477 932 1519 973 in
1541 932 1605 973 ed.
1627 932 1767 973 Aulul.

265 997 502 1053 (Canterb.)
542 1011 638 1052 pag.
666 1002 743 1040 129
783 1012 876 1040 ann.
918 999 972 1040 ad
1001 1012 1039 1040 v.
1060 1003 1140 1040 471
1166 1011 1254 1052 sqq.
1287 999 1489 1051 defendit,
1532 1004 1576 1042 61
1605 1000 1767 1053 primus

265 1070 309 1109 et
339 1067 455 1110 solus
485 1080 575 1110 rem
605 1068 820 1110 subtiliter
849 1071 1099 1121 persecutus
1130 1072 1208 1121 est,
1240 1068 1515 1122 quippecuius
1546 1080 1768 1121 argumen-

265 1135 334 1188 tis,
367 1136 480 1190 quod
508 1148 585 1178 nos
615 1136 783 1189 quidem
829 1137 1121 1190 comperimus,
1168 1141 1404 1179 ceterorum
1448 1150 1569 1179 nemo
1615 1149 1768 1179 novum

267 1205 494 1258 quidquam
525 1204 750 1248 addiderit.
797 1205 943 1259 Neque
973 1205 1138 1258 desunt,
1171 1217 1278 1259 quae
1307 1208 1425 1249 recte
1443 1205 1514 1248 ille
1544 1205 1767 1258 monuerit,

265 1286 517 1328 quamquam
546 1273 590 1315 in
620 1273 714 1327 ipso
745 1274 1004 1326 quaestionis
1035 1274 1217 1327 cardine,
1248 1277 1298 1317 ut
1317 1275 1379 1317 ita
1399 1274 1548 1325 dicam,
1579 1286 1670 1316 rem
1690 1286 1768 1316 3011

265 1357 347 1386 11011
377 1343 534 1397 tetigit.
585 1342 692 1385 Nam
716 1342 827 1396 quod
851 1355 946 1397 pag.
971 1345 1023 1385 33
1056 1342 1227 1386 scribit:
1259 1343 1428 1397 ,Mirum
1450 1346 1528 1396 est,
1559 1342 1768 1386 neminem

264 1413 401 1454 adhuc
431 1412 794 1463 animadvertisse,
837 1424 962 1465 quam
993 1412 1232 1466 importune
1272 1412 1345 1455 illa
1381 1412 1433 1454 de
1463 1414 1768 1453 matronarwn

264 1482 366 1523 luxu
407 1481 613 1534 expositio
653 1480 722 1522 hic
762 1481 820 1523 sit
856 1481 1044 1523 intrusa:
1089 1481 1158 1523 hic
1198 1481 1307 1524 enim
1346 1494 1429 1524 non
1470 1481 1523 1523 de
1562 1480 1767 1523 matronis

266 1550 401 1604 deque
432 1561 577 1591 earum
614 1549 716 1591 luxu
748 1560 885 1591 sermo
927 1552 994 1591 est
1023 1562 1057 1591 e.
1081 1562 1119 1603 q.
1144 1551 1192 1591 s.‘
1234 1549 1366 1592 totius
1406 1550 1487 1592 loci
1526 1553 1767 1592 contextum

264 1619 506 1671 percepisse
547 1618 717 1660 videtur
759 1622 808 1660 ut
846 1619 918 1671 qui
957 1619 1140 1661 minime.
1211 1619 1320 1669 Quid
1361 1619 1502 1661 enim‘?
1561 1619 1770 1662 Graviora

264 1689 514 1741 argumenta
554 1685 856 1740 desideramus,
903 1686 1061 1741 quibus
1101 1691 1391 1730 matronarum
1441 1687 1650 1737 luxuriem
1691 1687 1770 1729 hoc

264 1757 356 1798 loco
403 1756 636 1808 perstringi
688 1759 962 1808 monstretur,
1015 1769 1139 1809 quam
1185 1769 1293 1810 quae
1339 1756 1577 1811 Waynems
1621 1756 1770 1799 attulit

265 1823 474 1867 scribens:
514 1823 574 1876 ‚Si
610 1823 705 1877 quis
735 1836 836 1866 vero
879 1836 916 1866 v.
942 1828 991 1866 51
1031 1824 1092 1867 ita
1122 1825 1312 1879 accipere
1343 1825 1538 1876 voluerit,
1579 1828 1629 1867 ut
1658 1824 1767 1878 ,viri‘

263 1893 460 1934 universe
490 1892 685 1934 dicantur
713 1905 849 1945 neque
880 1893 966 1934 sint
994 1906 1072 1946 pro
1103 1894 1310 1946 ,ma1·itis‘,
1343 1894 1381 1936 ei
1403 1893 1584 1947 simplici
1604 1894 1769 1935 ratione

265 1973 486 2003 occurrere
515 1972 754 2014 possumus.
815 1960 923 2003 Nam
953 1961 1170 2015 patagium
1210 1965 1276 2004 est
1306 1962 1462 2014 clavus,
1499 1974 1623 2016 quem
1655 1961 1770 2004 solae

194 2054 199 2059 «
264 2033 483 2072 matronae
513 2030 703 2072 vestibus
734 2030 822 2072 suis
852 2029 1123 2084 adhibebant,
1154 2031 1401 2074 meretrices
1431 2043 1582 2085 gerere
1612 2031 1770 2073 vetitae

265 2095 399 2152 er'ant,
441 2097 491 2142 cf.
522 2097 756 2152 Boettiyeri
793 2097 992 2155 Sabinam
1022 2112 1062 2153 p.
1086 2103 1166 2142 359
1200 2103 1243 2142 61
1274 2100 1355 2142 377
1387 2112 1427 2142 11.
1452 2101 1505 2142 3‘.
1566 2099 1686 2141 Hanc
1726 2099 1768 2140 in

264 2182 354 2210 rem
385 2168 421 2210 si
449 2168 689 2210 accuratius
710 2168 974 2220 inquirimus,
1006 2169 1059 2211 ab
1080 2169 1201 2211 initio
1222 2169 1443 2212 Plautinae
1464 2169 1618 2211 aetatis
1639 2168 1768 2222 prisci

265 2248 403 2279 mores
442 2239 542 2279 sunt
576 2235 809 2290 repetendi,
847 2236 946 2279 dum
983 2236 1125 2291 aliqua
1155 2237 1221 2280 vel
1258 2249 1401 2280 rerum
1440 2237 1507 2280 vel
1542 2236 1769 2279 verborum

265 2306 592 2347 inconcinnitate
621 2306 950 2358 interpolatores
986 2306 1028 2347 in
1064 2318 1231 2347 scenam
1266 2310 1486 2359 grassatos
1517 2318 1612 2348 6886
1647 2305 1768 2347 nobis

264 2374 620 2429 persuaserimus:
651 2387 748 2418 nam
767 2373 810 2417 in
831 2373 983 2427 Plauti,
1007 2377 1056 2417 ut
1073 2374 1200 2429 vulgo
1221 2377 1410 2429 putatur,
1433 2371 1578 2417 fabula
1599 2386 1769 2429 suspec-

265 2447 332 2486 tos
363 2456 512 2486 versus
542 2443 788 2486 invenimus.

380 2513 518 2567 Atque
547 2513 730 2566 primum
758 2512 928 2567 quidem
948 2512 1260 2555 concedendum
1290 2515 1357 2555 est
1376 2512 1517 2555 Plauti
1548 2525 1651 2555 aevo
1683 2512 1769 2555 dis-

266 2582 527 2634 crepantiam
561 2582 677 2623 illam
715 2580 887 2624 habitus
922 2582 1170 2623 matronalis
1210 2581 1525 2635 meretriciique
1561 2582 1767 2635 viguisse,

264 2662 362 2692 nam
392 2650 474 2692 etsi
512 2653 630 2692 certa
665 2650 820 2693 desunt
856 2650 919 2693 rei
956 2650 1205 2693 documenta
1241 2661 1318 2692 nec
1356 2649 1461 2692 satis
1497 2649 1643 2704 liquet,
1687 2663 1768 2705 qua

264 2717 358 2772 lege
394 2717 568 2761 cancelli
607 2717 669 2760 illi
705 2718 791 2761 sint
825 2718 968 2771 positi,
1006 2718 1078 2771 qui
1113 2722 1265 2773 postea
1302 2717 1461 2759 saeculi
1497 2717 1770 2770 improbitate
