2052 3172
972 204 1026 243 47

247 352 396 384 recens
425 338 665 392 indagasse,
701 338 950 392 priusquam
988 338 1126 380 altera
1162 335 1312 379 fraude
1347 335 1546 378 instituta
1581 335 1752 379 arcendi

248 410 341 453 eius
376 407 609 455 necessitas
646 419 769 450 servo
798 406 1010 461 apparuit,
1050 407 1135 449 iam
1172 417 1256 449 non
1289 403 1488 459 habebat,
1519 417 1603 459 quo
1632 404 1753 448 fatali

159 495 162 500 ·
247 477 397 520 militis
425 475 625 518 adventui
662 479 917 528 occurreret,
955 475 1123 518 etiamsi
1154 474 1346 526 volebat3
1383 477 1428 517 et
1455 487 1504 517 re
1534 486 1638 517 vera
1665 477 1754 516 tam

248 545 391 599 iniquo
420 546 633 586 momento
663 543 735 586 ille
763 543 978 596 adventat,
1011 547 1058 586 ut
1088 555 1209 586 nemo
1238 554 1323 586 nou
1353 543 1512 586 sentiat
1531 541 1753 597 Epidicum

248 614 314 658 rei
343 616 418 656 aut
445 625 530 655 non
559 615 635 655 aut
663 610 827 655 frustra
854 612 1138 666 prospexisse.
1199 611 1398 655 Ceterum
1427 611 1750 666 Lanyrelm'um

247 694 401 737 rogare
421 681 561 736 velim,
591 693 772 736 quonam
802 681 928 726 modo
958 682 1052 737 ipse
1079 681 1252 725 fraudes
1282 681 1395 725 servi
1425 680 1468 724 in
1487 681 1624 725 lucem
1654 692 1752 735 pro-

248 752 414 794 laturus
444 751 514 804 sit,
545 750 581 792 si
613 751 752 794 omnia
788 751 887 794 huic
923 763 1128 806 prospere
1165 750 1388 793 eveniant?
1445 749 1566 793 Licet
1603 761 1752 792 servus

249 823 372 864 caute
413 820 493 862 hoc
539 831 707 873 quoque
750 820 1031 874 prospexerit,
1066 833 1211 862 unum
1247 823 1362 862 certe
1392 831 1515 862 secus
1549 818 1754 872 procedat

248 900 422 931 necesse
452 890 530 941 est,
561 887 605 929 in
635 899 768 941 eoque
788 888 1017 931 discrimen
1045 889 1232 943 positum
1252 887 1456 939 videmuS,
1487 886 1601 941 quod
1629 887 1752 929 miles

248 957 531 1011 Periphanem
558 955 855 1010 fidicinamque
885 957 1092 1009 convenit,
1129 957 1219 999 sive
1255 968 1406 999 servus
1443 955 1542 999 huic
1577 955 1641 999 rei
1677 954 1751 999 ob—

248 1027 436 1070 luctatus
466 1029 544 1078 est,
576 1025 665 1068 sive
694 1037 791 1067 nou.
841 1025 963 1076 Quod
993 1025 1046 1068 de
1065 1025 1234 1068 fidicina
1262 1025 1408 1068 attulit
1426 1025 1752 1079 Acropolistidis

250 1095 452 1138 domicilii
481 1095 644 1148 ignara,
681 1095 824 1137 nescio
861 1107 915 1137 an
953 1095 1046 1149 ipse
1081 1107 1166 1138 non
1200 1097 1324 1148 putet
1356 1094 1534 1137 militem
1570 1098 1753 1137 amatam

249 1163 433 1218 puellam
476 1161 623 1207 ubiubi
666 1163 724 1206 sit
767 1167 1041 1217 quaerentem
1083 1163 1330 1217 diligentius
1372 1175 1499 1218 quam
1542 1161 1754 1206 fidicinam

249 1232 441 1286 quamvis
478 1232 655 1274 amicam
691 1231 761 1287 (cf.
793 1245 830 1274 v.
855 1233 956 1286 504)
994 1233 1111 1275 illam
1140 1232 1434 1285 investigasse.
1475 1256 1532 1262 —
1570 1232 1621 1275 Iu
1657 1233 1754 1284 aliis

248 1301 354 1344 locis
372 1299 673 1355 Lanyrehrius
694 1300 747 1343 de
765 1300 864 1343 lana
882 1301 1057 1355 caprina
1076 1300 1258 1344 certavit
1266 1300 1321 1355 ⁴¹)
1351 1313 1436 1344 nou
1463 1300 1603 1344 minus
1626 1312 1754 1356 quam

255 1368 299 1411 0.
330 1369 390 1411 H.
421 1369 620 1422 WeisiuS,
660 1370 733 1423 qui
771 1381 1023 1423 quamquam
1063 1369 1090 1411 l.
1113 1382 1146 1411 s.
1169 1381 1203 1412 s.
1244 1370 1409 1424 aliquot
1446 1370 1491 1412 in
1531 1369 1752 1412 versiculis

251 1441 416 1482 rectum
446 1437 662 1480 divinatus
692 1440 759 1480 est
790 1462 842 1468 —
874 1436 926 1480 cf.
956 1449 995 1480 v.
1023 1440 1116 1490 llo,
1149 1441 1245 1489 599,
1277 1440 1375 1491 632,
1409 1436 1593 1481 fortasse
1622 1437 1751 1481 etiam

251 1510 348 1560 643,
380 1507 453 1550 ubi
485 1509 606 1558 ,tace‘
637 1519 784 1550 vocem
812 1506 988 1550 offendit
1015 1518 1042 1549 a
1064 1506 1274 1561 Seyfferto
1309 1507 1459 1561 (Burs.
1476 1507 1613 1550 annal.
1630 1507 1753 1550 XXII

251 1589 292 1630 p.
316 1575 387 1630 79)
409 1579 454 1619 et
480 1575 682 1630 Ussinyio
704 1575 747 1618 in
776 1575 871 1618 vale
899 1576 1178 1628 emendatam,
1209 1576 1254 1618 in
1282 1576 1396 1618 valet
1422 1574 1478 1619 ab
1500 1576 1574 1619 illo
1601 1575 1748 1618 Goetx.

252 1645 317 1688 ed.
360 1644 528 1687 Curcul.
569 1657 611 1698 p.
632 1644 788 1698 XV1113
833 1656 1085 1699 quamquam
1122 1656 1199 1687 nos
1230 1644 1407 1688 sanandi
1447 1645 1529 1688 loci
1568 1646 1752 1688 necessi-

250 1717 382 1756 tatem
411 1712 651 1756 absolutam
679 1726 763 1756 non
791 1714 982 1757 videmus
1011 1738 1081 1767 -,
1111 1714 1154 1756 in
1184 1714 1309 1767 longe
1328 1714 1523 1767 plurimis
1550 1726 1753 1768 perverso

250 1782 406 1825 iudicio
437 1781 682 1826 ducebatur.
718 1783 765 1826 V.
789 1782 1043 1831 164-165
1072 1807 1128 1813 ——
1159 1782 1213 1826 de
1241 1796 1280 1827 v.
1307 1786 1385 1826 107
1417 1782 1468 1826 cf.
1500 1795 1596 1837 pag.
1620 1787 1675 1826 45
1699 1808 1753 1813 —-

251 1864 344 1894 cum
361 1851 516 1894 Weisio
547 1844 884 1907 supervacaneos
912 1852 1069 1896 habere
1100 1852 1285 1896 animum
1314 1852 1514 1896 inducere
1542 1864 1628 1896 non
1656 1865 1754 1906 pos-

250 1933 408 1964 sumus.
468 1920 578 1964 Nam
606 1933 735 1975 quum
763 1924 892 1975 poeta
919 1921 1143 1975 Epidicum
1178 1925 1330 1975 postea
1357 1934 1396 1964 v.
1420 1923 1499 1964 181
1540 1934 1591 1964 ex
1620 1921 1754 1965 Chae-

249 1988 378 2032 ribuli
410 1989 533 2033 domo
555 1990 845 2045 egredientem
876 1989 1017 2042 faciat,
1049 1994 1176 2033 antea
1194 1989 1434 2044 significare
1463 1989 1647 2043 debebit,
1678 2004 1755 2034 cur

249 2059 366 2101 illam
395 2059 642 2111 intraverit3
672 2059 773 2112 quid
804 2063 947 2101 autem
976 2059 1118 2112 aptius
1137 2056 1342 2102 memoret
1371 2071 1522 2102 servus
1551 2071 1677 2113 quam
1706 2072 1753 2102 se

249 2126 542 2170 adulescentes
558 2126 816 2169 moniturum
831 2139 937 2180 esse,
950 2139 1003 2170 ne
1018 2126 1134 2170 foras
1150 2127 1443 2171 exambulent‘?
1472 2127 1566 2170 Non
1584 2128 1754 2182 ignorat

250 2196 420 2249 quidem
460 2196 767 2249 Stratippocles
809 2196 890 2237 sibi
926 2196 1157 2238 cavendum
1200 2208 1312 2249 esse,
1348 2209 1402 2238 ne
1436 2197 1551 2250 patri
1584 2197 1753 2238 obviam

219 2302 226 2308 .
249 2263 325 2308 fiat
354 2265 411 2321 (v.
435 2265 526 2320 7o);
558 2268 616 2319 at,
646 2276 818 2320 quaeso,
849 2264 922 2308 ubi
951 2276 1101 2308 servus
1131 2276 1203 2308 eos
1232 2263 1435 2309 offendit?
1479 2265 1641 2319 Aperta
1668 2264 1751 2318 via,

250 2338 350 2377 ante
379 2334 630 2387 Periphanis
661 2334 788 2377 aedes
818 2334 1127 2388 colloquuntur,
1157 2332 1232 2376 ubi
1261 2346 1314 2376 ne
1343 2346 1370 2376 a
1389 2346 1490 2376 sene
1509 2334 1753 2387 oppriman-

250 2406 323 2446 tur
350 2403 586 2457 periculum
615 2406 684 2446 est
710 2401 1114 2446 manifestissimum.
1173 2401 1512 2445 Consentaneum
1540 2415 1645 2457 ergo
1674 2415 1753 2457 pu-

250 2476 391 2515 tamus
420 2472 644 2526 Epidicum
673 2484 748 2515 eos
776 2484 962 2525 monere,
1000 2484 1052 2514 ne
1081 2472 1236 2514 iterum
1265 2471 1352 2515 tale
1389 2471 1625 2525 periculum
1653 2471 1753 2515 sub-

252 2545 364 2595 eant,
394 2541 649 2595 praesertim
677 2553 806 2596 quum
835 2541 927 2584 eius
963 2544 1012 2582 ut
1039 2540 1165 2583 electi
1195 2540 1403 2583 adiutoris
1432 2540 1660 2595 plurimum
1690 2541 1754 2583 iu-

251 2610 394 2665 tersit‚
423 2623 477 2654 ne
506 2610 610 2667 quid
639 2610 830 2666 ineptum
859 2609 935 2654 fiat
965 2608 1036 2665 (cf.
1068 2622 1136 2664 qu.
1168 2622 1254 2665 seq.
1286 2609 1341 2653 ad
1360 2623 1397 2653 v.
1421 2610 1538 2664 320).
1556 2635 1609 2642 —
1641 2610 1754 2663 Quo-

251 2679 375 2722 modo
397 2692 436 2722 v.
456 2678 552 2727 207
576 2691 690 2736 sqq.
721 2679 937 2728 acciderit,
967 2681 1017 2721 ut
1045 2690 1167 2721 senes
1186 2690 1439 2733 quamquam
1467 2678 1574 2722 foris
1594 2679 1754 2722 versati

253 2747 306 2790 de
334 2748 518 2791 militum
546 2749 732 2792 adventu
759 2748 865 2791 nihil
894 2747 1102 2800 audirent,
1133 2748 1212 2790 hoc
1240 2747 1380 2791 minus
1410 2761 1505 2791 cum
1529 2747 1686 2791 Weisio
1713 2749 1756 2791 in

252 2820 404 2870 poetae
433 2810 721 2872 neglegentia‘
729 2829 886 2872 ponere
915 2817 1104 2860 velimus.
1152 2815 1256 2868 Quis
1287 2818 1399 2862 enim
1428 2821 1556 2874 neget
1575 2817 1620 2860 in
1648 2816 1755 2861 urbe
