2052 3172
929 138 1050 180 '64

265 276 365 314 satis
392 275 523 321 liquet,
560 274 624 311 ubi
648 274 791 310 interea
814 283 941 310 servus
977 276 1017 309 et
1045 273 1169 319 puella
1194 276 1469 320 commorentur,
1494 272 1592 322 quid,
1629 276 1776 321 quaeso,

265 345 400 372 novum
421 331 630 378 lapidumve
653 330 911 378 spectabimus,
935 330 968 367 si
991 341 1103 367 senex
1127 342 1207 367 cum
1230 332 1361 368 lenone
1383 342 1461 368 rem
1479 341 1612 378 gerens
1636 331 1775 369 induci·

266 396 353 429 tur?
388 388 533 427 Iurabit
555 389 733 425 videlicet
755 389 814 424 hic
838 399 878 425 se
901 389 1064 434 puellam
1082 388 1371 434 venumdedisse,
1397 400 1468 434 quo
1493 388 1619 426 audito
1643 389 1706 425 ille
1730 390 1777 427 ad

265 449 414 486 relictos
436 447 510 483 cito
528 451 704 494 recurret,
731 457 777 483 ne
797 447 1011 483 adulescens
1026 447 1183 483 Athenis
1211 447 1284 483 iam
1301 457 1452 483 versans
1473 447 1608 492 <v.409)
1628 447 1777 485 institu-

267 512 346 543 tum
362 504 554 542 consilium
568 504 616 540 ad
628 504 774 541 irritum
785 504 945 551 redigat.
976 504 1091 549 Atqui
1109 504 1235 541 Plauti
1254 503 1443 551 ingenium
1462 504 1508 540 ab
1530 504 1705 541 eiusmodi
1723 505 1777 542 in-

268 563 379 610 eptiis
403 561 667 599 alienissimum
701 565 769 606 est,
802 561 933 606 quibus
965 561 1218 607 spectantibus
1242 572 1298 607 ea,
1337 571 1432 606 quae
1467 561 1547 597 fore
1570 562 1780 600 iamdudum

264 619 519 667 perspexerint
550 620 597 664 (v.
621 619 704 663 365>
731 621 843 664 atque
868 628 909 654 re
933 628 1022 654 vera
1046 618 1148 655 facta
1174 629 1253 655 esse
1278 639 1323 644 ——
1347 618 1379 654 si
1410 617 1556 663 quidem
1581 629 1692 656 senex
1722 620 1774 656 le-

266 688 398 715 nonem
416 676 510 713 adiit
532 696 579 702 —-
598 676 740 712 fraudis
767 679 903 712 eventu
924 675 1089 712 sentiant
1114 679 1160 720 (v.
1174 676 1269 721 396),
1294 675 1441 721 integra
1461 686 1570 712 scena
1590 678 1633 713 ob
1655 679 1778 714 oculos

267 738 467 781 ponantur;
490 745 563 770 non
586 733 798 769 mirabimur
822 733 950 779 igitur,
976 733 1008 768 si
1032 733 1135 769 nobis
1161 733 1362 779 continget,
1387 736 1431 768 ut
1451 733 1650 770 efficiamus
1663 736 1787 781 Apo&-

267 793 380 829 ct'dem
403 792 468 828 illo
493 792 660 837 temeri-s
682 790 873 826 intervallo
897 801 975 825 cum
1000 790 1124 826 lenone
1148 801 1371 837 eonyressum
1395 781 1490 825 ηὸη
1513 802 1595 828 esse.
1781 798 1783 800 ’

359 850 404 886 V.
428 849 495 887 291
521 849 618 885 enim
629 847 856 893 Periphanes
879 858 985 884 servo
999 847 1220 892 Apoecidem
1245 848 1450 884 adiutorem
1473 849 1556 894 dat;
1581 850 1779 886 cruminam

268 907 416 953 quidem
439 903 615 952 Epidicus
640 905 772 942 callide
798 907 955 950 occupat
981 908 1028 948 (V,
1052 904 1147 949 295),
1180 905 1244 940 sed
1268 905 1335 941 hoc
1365 906 1412 941 ad
1436 905 1603 942 fraudem
1626 900 1698 944 no'n
1723 912 1779 943 est

267 964 513 1011 potissimum3
544 975 630 1000 nam
654 974 765 1008 quum
796 963 928 1008 omnia,
961 973 1055 1007 quae
1085 974 1165 998 cum
1189 963 1320 999 lenone
1352 964 1496 1010 agenda
1526 963 1673 1000 senibus
1696 976 1778 1010 pro—

268 1022 384 1068 ponit,
409 1030 534 1067 nugae
558 1020 644 1064 sint,
677 1019 874 1056 videndum
906 1023 974 1065 est,
1005 1029 1051 1056 ne
1083 1020 1287 1065 Apoecides
1317 1021 1396 1067 ipse
1425 1021 1616 1067 negotium
1645 1032 1779 1067 gerens

268 1080 392 1116 dolum
414 1079 586 1124 detegat3
611 1077 706 1113 hanc
719 1078 763 1113 ob
775 1087 851 1112 rem
870 1087 996 1113 servus
1015 1077 1116 1122 prius
1135 1077 1317 1114 fidicinam
1338 1079 1508 1115 conducit
1534 1082 1580 1123 (v.
1593 1079 1662 1115 312
1674 1081 1779 1126 sqq.),

269 1148 379 1182 quam
404 1137 452 1172 ad
477 1145 601 1171 senem
624 1138 770 1181 pergat,
804 1138 842 1170 et
865 1134 1020 1180 imponit
1051 1135 1084 1170 ei
1109 1134 1182 1170 iam
1206 1135 1326 1171 omnia
1355 1139 1439 1172 rata
1464 1146 1554 1172 esse.
1601 1136 1672 1172 Hic
1696 1142 1797 1173 con<

268 1194 351 1231 fidit
374 1193 496 1230 verbis
535 1196 573 1228 et
597 1192 676 1228 sine
712 1203 812 1228 mora
835 1192 996 1237 puellam
1020 1192 1220 1238 Periphani
1255 1193 1382 1240 tradit,
1419 1194 1514 1239 quod
1549 1204 1664 1231 sermo
1701 1195 1779 1231 eius

269 1263 304 1289 v.
329 1251 400 1289 396
424 1262 503 1297 sqq.
542 1250 738 1286 manifesto
777 1252 950 1286 testatur.
998 1250 1170 1286 Fortasse
1206 1250 1379 1296 Epidicus
1416 1251 1528 1287 etiam
1564 1251 1647 1288 aliis
1683 1253 1780 1289 senis

269 1309 433 1356 negotiis
460 1308 521 1353 (cf.
546 1319 580 1344 v.
604 1307 688 1352 422)
714 1306 923 1351 adiuvatur,
949 1311 992 1343 ut
1015 1307 1075 1342 hic
1097 1318 1174 1343 rem
1198 1306 1400 1344 oscitanter
1423 1312 1542 1344 curet:
1575 1308 1613 1344 id
1636 1309 1781 1354 quidem

269 1377 375 1403 nemo
399 1365 565 1413 negabit,
602 1364 793 1411 negotium
831 1364 901 1401 sibi
925 1365 1139 1401 mandatum
1173 1375 1239 1410 per
1273 1368 1391 1402 totam
1426 1375 1571 1401 scenam
1606 1376 1781 1412 perquam

268 1424 433 1461 breviter
457 1434 539 1459 eum
557 1422 808 1468 perstringere
827 1425 940 1467 atque
955 1422 1143 1468 attingere
1165 1423 1331 1458 consulto
1347 1422 1474 1467 videri,
1498 1423 1667 1459 nimirum
1685 1424 1781 1469 quod

270 1481 340 1518 sibi
376 1480 541 1517 conscius
572 1483 631 1516 est
660 1479 715 1515 rei
745 1490 818 1515 non
850 1479 1050 1526 diligenter
1080 1490 1119 1515 se
1150 1478 1290 1515 cavisse
1328 1479 1388 1524 (cf.
1412 1490 1447 1516 v.
1470 1479 1661 1525 358—59)=
1696 1491 1780 1517 nam

269 1549 396 1575 servus
410 1541 542 1574 cuncta
565 1537 734 1583 perfecit,
760 1536 964 1582 Apoecides
989 1537 1125 1572 solidus
1147 1540 1259 1581 atque
1280 1537 1425 1581 bardus,
1450 1538 1596 1581 qualem
1619 1548 1658 1573 se
1671 1538 1781 1585 fingit

272 1598 320 1640 (v.
335 1594 406 1631 420
428 1595 534 1639 sqq.),
559 1604 646 1630 vere
672 1597 741 1629 est.
789 1593 883 1637 Quid
914 1596 1039 1629 autem
1068 1593 1184 1639 fieret,
1215 1593 1247 1629 si
1270 1593 1473 1638 Apoecides
1506 1597 1544 1630 et
1567 1595 1781 1640 prudentior

270 1657 309 1688 et
332 1652 451 1688 minus
485 1650 654 1687 credulus
680 1653 804 1686 esset?
852 1650 1037 1686 Lenonem
1070 1654 1170 1685 certo
1201 1651 1245 1685 de
1278 1651 1402 1696 puella
1432 1651 1698 1698 interrogaret:
1733 1662 1779 1688 ne

269 1710 387 1758 igitur
411 1710 515 1746 dolus
540 1707 793 1755 spectantibus
818 1708 863 1744 ab
888 1707 996 1744 initio
1021 1707 1194 1745 incertior
1217 1708 1389 1746 videatur
1412 1719 1505 1746 neve
1518 1719 1644 1746 servus
1669 1710 1780 1747 auda-

271 1769 348 1804 cior
372 1779 482 1813 quam
506 1765 683 1811 callidior,
723 1766 769 1802 ab
800 1765 906 1802 initio
938 1766 1064 1802 studet
1093 1770 1204 1812 poeta
1229 1777 1290 1802 eos
1321 1767 1461 1813 docere,
1499 1778 1568 1812 quo
1592 1768 1696 1803 modo
1721 1767 1780 1803 hic

271 1826 346 1862 iam
369 1825 426 1861 rei
452 1823 672 1860 occurrerit:
698 1828 732 1860 et
753 1825 848 1859 hanc
878 1825 922 1860 ob
945 1835 1020 1860 rem
1042 1835 1072 1860 v.
1098 1827 1166 1860 364
1191 1825 1329 1861 lenonis
1352 1826 1483 1862 mentio
1499 1825 1556 1871 fit.
1594 1824 1716 1869 Atque
1731 1824 1780 1870 id,

270 1883 367 1928 quod
399 1881 504 1918 modo
537 1881 776 1926 explicuimus
799 1902 846 1908 —
869 1893 941 1918 non
966 1892 1072 1927 posse
1104 1892 1159 1923 ea,
1197 1892 1291 1927 quae
1324 1893 1358 1918 v.
1382 1882 1451 1918 363
1474 1893 1551 1926 sqq.
1567 1925 1569 1927 Ι
1586 1885 1630 1917 ut
1655 1882 1781 1918 futura

269 1939 498 1985 nuntientur,
523 1950 547 1974 a
571 1938 700 1983 quovis
724 1938 988 1983 interpolatore
1014 1942 1097 1983 post
1119 1948 1287 1983 repressa
1311 1941 1422 1974 antea
1440 1938 1624 1984 integram
1636 1948 1781 1974 scenam

270 1996 435 2033 effecisse
466 2016 523 2042 —,
559 2004 631 2031 non
660 1994 778 2031 minus
810 1995 964 2040 valeret,
1002 1995 1033 2031 si
1064 2007 1086 2032 a
1117 1996 1301 2033 Weidneri
1337 1995 1588 2032 emendatione
1624 1995 1781 2041 profecti

270 2065 430 2092 essemus
455 2054 505 2100 ,Si
529 2054 672 2099 quicum
695 2053 743 2089 ad
769 2063 850 2088 eum
872 2053 1024 2089 veniam‘
1052 2053 1111 2098 (cf.
1135 2053 1288 2090 Advers.
1312 2054 1435 2090 Plaut.
1461 2053 1517 2089 ed.
1541 2054 1587 2089 A.
1614 2054 1783 2090 Weidner

269 2112 361 2149 1882
384 2123 419 2158 p.
433 2111 491 2156 18)
530 2110 604 2155 ita,
640 2114 683 2146 ut
714 2110 819 2156 ,quis‘
851 2110 915 2146 ille
944 2110 1149 2156 Apoecides
1184 2110 1245 2146 sit.
1292 2111 1385 2146 Nam
1411 2121 1485 2158 =cur
1526 2121 1653 2148 servus
1695 2115 1781 2147 ante

269 2170 440 2206 fraudem
463 2168 668 2215 perfectam
691 2179 764 2204 non
787 2167 995 2214 suspicetur
1019 2178 1142 2204 senem
1166 2179 1188 2204 a
1202 2178 1242 2204 se
1261 2168 1541 2214 postulaturum,
1565 2171 1609 2205 ut
1632 2168 1710 2215 ipse
1735 2170 1782 2206 ad

268 2228 438 2263 lenonem
461 2236 501 2262 se
526 2226 649 2271 ducat,
675 2225 841 2269 quamvis
865 2229 995 2270 postea
1027 2236 1149 2261 rerum
1172 2226 1297 2273 ordine
1323 2225 1620 2271 discamus-illud
1643 2226 1783 2262 factum

268 2296 341 2321 non
367 2288 471 2320 esse?
520 2283 691 2319 Ceterum
715 2281 788 2318 iam
812 2282 1008 2329 Seyffertus
1036 2283 1076 2319 in
1098 2284 1280 2319 Bursiani
1309 2283 1430 2320 annal.
1454 2294 1489 2320 v.
1514 2283 1637 2319 XXXI
1663 2284 1780 2329 (1882)

268 2354 304 2388 p.
331 2342 377 2379 78
407 2341 593 2378 Weidner-2·
617 2337 864 2376 coniecturam
894 2340 1115 2386 improbavit
1139 2340 1319 2377 scribens:
1354 2341 1433 2386 ‚365
1457 2341 1496 2377 Si
1519 2341 1665 2386 quicum
1690 2341 1727 2386 (i.
1752 2351 1784 2377 e.

270 2411 352 2436 cum
377 2399 502 2444 aliquo
511 2399 560 2442 ΣΥ.
584 2417 630 2423 —
653 2398 772 2433 Unum
797 2398 954 2442 denique
988 2398 1135 2434 silentio
1166 2399 1370 2444 praeterire
1401 2399 1497 2445 nolo,
1529 2399 1624 2444 quod
1649 2399 1694 2434 ab
1719 2399 1782 2435 ad-

267 2455 442 2494 versariis
454 2454 545 2491 meis
558 2454 673 2501 ipsius
691 2455 832 2490 lenonis
847 2465 1040 2500 personam
1060 2455 1351 2492 desiderantibus
1364 2459 1464 2492 stare
1477 2455 1634 2492 videtur.
1665 2456 1782 2501 Quum

270 2514 367 2550 enim
397 2523 503 2550 senes
535 2512 624 2548 irati
656 2513 754 2558 (post
778 2524 812 2548 v.
838 2513 919 2556 606)
951 2523 1096 2549 servum
1120 2513 1298 2559 simulque
1330 2513 1443 2550 filiam
1472 2523 1598 2550 veram
1630 2515 1677 2557 (v.
1700 2513 1781 2558 719)

268 2571 404 2617 ubique
429 2569 654 2616 quaeritant,
679 2580 750 2614 quo
774 2569 876 2615 prius
899 2571 1151 2616 devertantur,
1176 2581 1287 2615 quam
1310 2571 1356 2606 ad
1380 2571 1571 2607 lenonem?
1601 2562 1657 2606 'Is
1682 2570 1783 2607 certo

269 2629 463 2675 utriusque
497 2627 552 2664 rei
581 2626 737 2673 peritior
768 2627 819 2663 sit
849 2639 958 2673 quam
988 2627 1107 2673 quivis
1138 2628 1250 2664 alius!
1298 2628 1369 2664 Sed
1397 2629 1467 2665 hac
1496 2628 1534 2664 in
1565 2638 1606 2665 re
1633 2638 1707 2665 non
1740 2629 1793 2664 de·

264 2686 405 2731 fraude
421 2685 628 2731 panqenda,
654 2685 718 2720 sed
743 2685 908 2720 solvendo
931 2685 1026 2720 nodo
1049 2684 1178 2730 agitur
1200 2694 1268 2721 nec
1292 2696 1364 2721 non
1382 2687 1468 2721 sunt
1481 2685 1664 2730 momenti,
1689 2695 1784 2730 quae

268 2753 380 2790 supra
403 2753 439 2789 p.
462 2741 505 2779 21
531 2742 576 2778 de
600 2741 809 2779 fabularum
840 2741 943 2778 exitu
972 2741 1186 2779 monuimus.
1232 2741 1291 2778 An
1322 2742 1412 2778 licet
1440 2745 1572 2788 putare
1603 2751 1710 2779 senes
1734 2742 1780 2779 ab
