2052 3172
988 155 1038 194 12

253 289 342 331 scio
372 302 427 331 an
456 289 550 332 iure
571 292 769 342 suspecto
790 289 998 342 agendum
1021 292 1101 342 est,
1133 289 1204 342 qui
1226 289 1294 332 his
1319 289 1516 332 versibus
1535 276 1634 337 363
1654 301 1772 345 Βᾳᾳε,
1786 298 1818 335 f·
1886 329 1926 346 Γ,
1949 301 2003 353 εΓ

255 356 517 399 continetur:
1752 359 1754 361 ’
1965 351 1974 361 ”
1999 347 2009 354 ’

352 471 355 473 ,
423 416 426 420 ’
530 424 616 479 Ep.
650 424 774 467 Nunc
803 437 881 479 ego
912 425 1112 468 astutiam
1144 424 1254 467 hanc
1283 425 1470 468 institui:
1690 460 1692 463 .
1960 466 1964 476 .
2001 461 2005 471 ..

254 485 486 536 Deveniam
516 493 571 536 ad
601 488 795 537 lenonem
828 493 998 537 domum
1029 496 1196 547 egomet
1226 493 1355 548 selus,
1387 486 1483 538 euin
1504 493 1687 550 ἀπέδυ,
1758 488 1799 548 ’Ξ
1862 472 2044 553 *1⁷33*

254 561 300 605 Si
319 561 487 616 ⁴q'ui'i'td
517 573 614 604 eum
656 561 868 616 adveniat,
906 562 1000 604 iam
1039 563 1146 617 zitss)
1185 560 1268 604 sibi
1299 558 1461 604 datum'
1483 563 1578 618 esse
1615 564 1798 617 argen-ssss
1858 565 1921 615 ἡ*

398 622 401 623 ’
475 623 479 626 ’
658 680 661 682 ,
1354 635 1446 673 tum
1476 632 1602 685 dicat,
1661 645 1669 679 ζ’
1782 622 1796 651 ”·’
1814 668 1849 710 ⁸

253 698 338 740 Pro
367 697 542 741 fidicina
571 700 740 752 argenti
771 699 906 742 minas
937 711 984 741 se
1014 699 1173 742 habere
1203 700 1523 753 quinquaginta.

251 766 422 819 Quippe
451 767 530 820 ego
560 767 633 820 qui
663 766 974 809 nudiustertius
1004 768 1111 810 meis
1137 766 1333 809 manibus
1364 766 1630 809 dinumeravi

183 866 186 868 ,
252 833 338 876 Pro
367 825 444 876 illa
474 837 550 876 tua
580 833 715 876 amica
744 833 870 888 quam
900 831 1024 888 pater
1054 846 1174 877 suam
1204 833 1338 877 filiam
1367 845 1464 876 esse
1492 833 1626 876 retur.

252 903 316 945 lbi
347 903 444 945 leno
476 903 729 945 sceleratum
759 907 888 956 caput
918 915 1037 946 suom
1068 903 1300 957 inprudens
1330 901 1551 956 adligabit,

252 971 383 1021 Quasi
399 970 477 1024 pre
496 970 813 1027 illaargentum
830 971 1056 1025 acceperit,
1078 974 1187 1026 qua'e
1203 972 1342 1014 tecum
1359 971 1542 1014 adducta
1558 971 1668 1013 minc
1685 974 1762 1013 est.

365 1049 415 1092 In
436 1049 591 1104 quibus
617 1063 725 1104 quae
746 1050 1029 1105 Ladewiqius
1049 1051 1076 1093 1.
1095 1064 1128 1094 s.
1148 1064 1180 1094 s.
1212 1065 1253 1105 p.
1277 1055 1383 1094 1087
1407 1055 1450 1094 et
1468 1050 1524 1092 R.
1544 1050 1764 1092 M‘e'c'llerus

250 1118 277 1160 l.
310 1131 343 1161 s.
377 1129 414 1161 s.
452 1131 493 1172 p.
527 1119 553 1161 8
594 1119 704 1162 mira
744 1119 1019 1174 protulerunt
1054 1119 1243 1163 dicentes
1283 1132 1322 1162 v.
1356 1122 1437 1162 369
1479 1119 1622 1162 nescio
1653 1119 1763 1174 quod
1849 1175 1854 1177 q

250 1186 433 1228 immane
453 1187 707 1241 supplicium
729 1188 869 1230 lenoni
890 1188 1100 1242 portendi,
1123 1188 1236 1241 quod
1255 1191 1408 1241 postea
1423 1187 1764 1229 desideraremus
1858 1179 1862 1187 ⁴

252 1253 313 1309 (cf
344 1254 498 1297 Goetx.
524 1255 566 1298 in
590 1256 682 1298 Act.
706 1268 789 1299 soc.
812 1257 928 1310 Lips.
952 1256 1010 1298 VI
1026 1269 1065 1309 p.
1086 1259 1181 1308 283,
1205 1256 1276 1298 ubi
1297 1256 1487 1309 scrupuli
1505 1255 1570 1297 illi
1591 1267 1763 1298 accura-

250 1323 338 1365 tius
369 1323 653 1379 exhibentur),
685 1324 928 1380 felicissime
958 1325 1041 1366 iam
1074 1323 1370 1366 Reinhardtus
1400 1325 1444 1366 in
1469 1323 1765 1366 Studemundi

251 1391 406 1434 studiis
437 1392 518 1435 vol.
541 1392 560 1435 1
582 1405 630 1447 .p.
659 1391 737 1436 105
761 1405 850 1447 sqq.
885 1395 928 1435 et
948 1393 990 1435 in
1011 1392 1115 1435 Nov.
1148 1393 1286 1435 annal.
1322 1396 1398 1435 111
1434 1392 1584 1448 (1876)
1614 1405 1657 1446 p.
1684 1395 1761 1435 199

250 1460 456 1513 reppulit;
488 1472 741 1513 quamquam
772 1461 959 1502 nondum
984 1464 1260 1513 persanatum
1290 1461 1428 1503 locum
1458 1460 1760 1502 existimamus.

250 1527 362 1579 Quid
392 1528 530 1570 enim?
581 1527 896 1584 Inprudentem
927 1529 953 1571 i.
987 1541 1022 1571 e.
1053 1528 1326 1582 nescientem,
1374 1527 1661 1581 ,abnungslos‘
1692 1525 1760 1582 (cf.

250 1596 371 1650 Capt.
411 1596 520 1650 prol.
559 1600 634 1649 443
679 1595 867 1639 Trinum.
899 1597 1088 1649 1‚2‚‡23;
1134 1597 1262 1639 Poen.
1304 1596 1411 1650 prol.
1446 1599 1498 1638 75
1543 1598 1587 1638 et
1626 1595 1763 1649 ipsius

205 1646 373 1719 ‘Epid.
400 1677 465 1721 ,v.‚
486 1665 587 1719 729)
633 1665 828 1708 lenonem
869 1677 915 1708 se
955 1664 1244 1719 obligaturum
1286 1677 1380 1708 esse
1421 1664 1624 1719 Epidicus
1662 1663 1762 1719 pro-

248 1728 470 1787 mittit312)
502 1745 586 1787 quo
607 1733 732 1776 modo
752 1733 833 1776 hoc
852 1732 945 1776 fieri
975 1736 1132 1788 potest,
1165 1734 1202 1776 si
1222 1734 1295 1776 ille
1324 1746 1350 1776 a
1370 1746 1493 1776 servo
1524 1732 1761 1787 adducitur,

248 1805 299 1844 ut
328 1802 458 1844 meris
488 1802 722 1844 mendaciis
752 1801 946 1844 fraudem
977 1799 1069 1844 eius
1090 1803 1263 1845 adiuvet
1284 1806 1527 1845 contestans
1559 1814 1604 1844 se
1640 1802 1760 1855 quin-

249 1870 454 1926 quaginta
483 1869 632 1922 minas,
665 1882 750 1913 non
781 1870 960 1924 triginta
989 1870 1058 1925 (cf.
1083 1883 1121 1912 v.
1146 1870 1247 1924 705)
1279 1870 1522 1924 accepisse?
1571 1869 1760 1911 Minime

248 1953 347 1981 vero
377 1953 428 1980 etz:
456 1952 545 1980 usu
574 1943 637 1981 est
667 1940 863 1982 lenonem
884 1940 1120 1994 comperire
1141 1954 1185 1981 se
1204 1938 1362 1993 fraudi
1380 1937 1617 1993 implicari,
1649 1938 1759 1991 quod

248 2007 543 2063 Ladewzyius,
574 2008 885 2062 Reinhardtus,
925 2008 1131 2050 Goetxius
1160 2009 1187 2051 l.
1211 2021 1244 2051 s.
1267 2020 1316 2060 s.,
1358 2006 1590 2061 Ussinyius
1620 2006 1663 2049 in
1694 2005 1763 2049 ed.»
1846 1999 1867 2018 ‘'

250 2072 328 2119 sua
357 2076 481 2130 Epid.
524 2090 565 2130 p.
592 2081 670 2119 271
706 2090 812 2132 sqq.,
844 2077 1146 2132 Lanyrehrius
1176 2078 1219 2119 in
1240 2077 1359 2119 Misc.
1392 2077 1461 2130 ph.
1494 2076 1609 2118 Gott.
1642 2088 1682 2129 p.
1709 2078 1760 2117 14

251 2144 341 2200 (qui
377 2158 416 2188 v.
450 2148 532 2188 495
583 2145 814 2199 ,Mercatus
851 2150 894 2189 te
930 2146 1183 2190 hodz'e...?‘
1239 2146 1330 2189 sine
1374 2144 1462 2188 ulla
1496 2143 1690 2186 vincendi
1719 2143 1760 2186 vi

249 2214 502 2269 comparat‚)
534 2215 699 2267 volunt3
732 2217 858 2258 immo
889 2216 994 2258 nihil
1026 2216 1245 2269 antiquius
1274 2214 1404 2257 habet
1435 2225 1596 2264 servuS‚
1634 2225 1758 2266 quam

247 2296 301 2327 ne
331 2281 385 2326 ab
416 2283 539 2327 initio
577 2284 650 2327 ille
680 2284 881 2327 auxilium
922 2284 1143 2327 ferendum
1175 2286 1356 2326 recuset.
1417 2281 1539 2332 Quod
1568 2284 1618 2323 ut-
1645 2278 1781 2323 asse-³

247 2354 417 2404 quatur,
448 2352 492 2394 id
522 2364 652 2395 unum
673 2353 889 2406 respiciet,
921 2356 970 2394 ut
988 2353 1083 2395 leno
1105 2353 1306 2395 continuo
1328 2351 1527 2404 opinetur
1546 2350 1598 2391 de
1617 2349 1760 2402 priore

250 2418 419 2463 fidicina
449 2416 632 2476 triginta
651 2420 778 2463 minis
810 2424 953 2476 empta
973 2421 1055 2476 agi,
1089 2424 1132 2464 et
1153 2418 1490 2475 diligentissime,
1523 2417 1560 2459 si
1590 2416 1760 2471 quidem

1850 712 1905 782 ἑ-ε,Α

247 2485 377 2532 sanu's
408 2493 486 2544 est,
529 2488 709 2542 cavebit,
751 2503 803 2532 ne
834 2491 1158 2545 quinquayinta
1194 2493 1391 2542 acceptas
1421 2488 1589 2542 prodat,
1623 2501 1779 2543 prae-2

246 2557 397 2600 sertim
428 2571 566 2613 quum
607 2558 792 2601 minime
821 2559 1007 2613 intersit,
1049 2572 1177 2613 quem
1216 2570 1454 2599 numerum
1484 2560 1635 2611 postea
1664 2550 1759 2600 leno

246 2626 458 2681 Apoedici
494 2619 704 2669 nominet.
770 2627 866 2670 Non
906 2628 1018 2670 enim
1060 2628 1151 2670 sine
1192 2618 1309 2670 certe
1352 2626 1527 2669 consilio
1557 2626 1759 2680 Epidicus

247 2695 346 2738 huic
377 2695 441 2739 rei
470 2696 695 2750 prospexit
724 2709 762 2739 v.
788 2699 869 2739 296
902 2697 1109 2740 incertum
1139 2696 1336 2739 fidicinae
1374 2695 1559 2749 pretium
1589 2696 1763 2739 senibus-

247 2763 463 2807 referense
