2052 3172
970 139 1022 182 31

244 289 409 334 quoque
437 276 733 320 meretricibus
753 276 980 330 abiudicat‚
1012 289 1142 331 quum
1162 287 1370 330 nusquam
1399 276 1639 319 indusiatae
1661 275 1687 319 i.
1711 287 1746 319 e.

248 347 428 390 alterius
467 346 636 389 tunicae
675 357 800 389 usum
841 346 904 389 eis
943 346 1089 389 datum
1134 345 1267 389 fuisse
1306 344 1511 389 firmetur.
1583 344 1749 399 Operae

243 416 429 470 pretium
458 419 536 468 est,
568 426 750 471 quonam
777 415 870 458 iure
900 416 966 458 vir
994 415 1312 459 literatissimus
1341 414 1559 469 patagium
1588 418 1748 458 matro-

244 485 311 527 nis
341 485 443 527 solis
474 484 698 536 addixerit,
730 484 981 526 examinare.

357 552 395 595 A
424 552 710 607 grammaticis
741 552 793 595 de
822 552 901 595 hoc
930 553 1063 596 vestis
1094 555 1341 595 ornamento
1360 551 1591 595 traduntur
1619 551 1745 594 haec:

244 620 400 675 ,Pallis,
421 621 618 675 patagiis‚
639 621 820 664 crocotis
839 621 1027 664 manicis‘
1049 620 1181 663 Naevi
1199 619 1347 676 fragm.
1365 633 1432 675 ap.
1449 621 1558 663 Non.
1578 623 1675 663 540.
1694 643 1745 649 —

243 690 495 745 ,Patagium‚
527 702 681 733 aureus
711 690 868 744 clavus,
900 691 972 746 qui
996 690 1203 746 pretiosis
1223 690 1412 734 vestibus
1433 689 1603 733 immitti
1624 689 1747 732 solet‘

243 759 349 802 Non.
369 763 464 802 540.
495 784 550 790 -
580 760 817 813 ,Patagium
847 763 927 812 est,
959 759 1072 816 quod
1103 760 1156 802 ad
1177 771 1383 802 summam
1414 758 1612 801 tunicam
1631 758 1747 801 assui

244 828 372 881 solet3
410 839 519 884 quae
554 831 598 871 et
632 829 850 882 patagiata
886 828 1054 880 dicitur,
1093 832 1136 870 et
1171 827 1399 883 patagiarii
1437 829 1532 870 etc.‘
1592 827 1748 870 Festus

244 897 323 939 sub
352 897 582 950 pata-giam.

359 965 592 1016 Quomodo,
634 977 803 1018 quaeso,
850 977 902 1006 ex
943 965 1053 1006 Noni
1093 965 1198 1006 locis
1245 964 1483 1006 divinemur
1522 964 1748 1017 ‚pretiosas

245 1037 385 1076 vestes
405 1034 660 1087 patagiatas‘
688 1037 978 1076 matronarum
998 1036 1162 1075 tantum
1190 1032 1335 1087 fuisse,
1365 1044 1493 1087 quum
1512 1032 1608 1075 aliis
1627 1033 1750 1075 testi-

243 1102 396 1144 moniis
426 1101 494 1156 (cf.
518 1114 579 1144 ex.
603 1113 666 1155 gr.
689 1102 810 1155 Epid.
844 1114 879 1144 v.
905 1105 1006 1154 222)
1036 1101 1283 1144 meretrices
1313 1100 1545 1144 nobiliores
1575 1101 1745 1156 quidem

243 1183 506 1225 nequaquam
536 1171 653 1214 tenui
680 1170 830 1214 habitu
860 1171 903 1213 in
933 1169 1147 1225 publicum
1176 1170 1387 1225 prodiisse
1417 1170 1523 1214 satis
1553 1169 1747 1214 firmetur

244 1251 379 1293 neque
407 1240 515 1293 legis
545 1251 717 1282 usuram
748 1240 983 1282 cohibentis
1012 1240 1170 1282 mentio
1208 1240 1296 1282 ulla
1332 1239 1434 1282 fiat?
1493 1240 1566 1283 Sin
1604 1233 1746 1282 autem

243 1308 339 1363 quis
369 1321 421 1351 ex
450 1308 557 1351 clavi
589 1309 905 1361 comparatione
935 1309 978 1350 in
1008 1309 1152 1351 tunica
1181 1309 1294 1350 virili
1330 1312 1418 1351 tam
1449 1308 1628 1362 insignis
1657 1308 1748 1351 effi-

245 1378 329 1420 ciat
358 1377 531 1431 patagio
563 1377 742 1419 similem
773 1377 1080 1430 praestantiam
1111 1376 1244 1419 fuisse
1263 1380 1481 1420 matronas
1508 1381 1747 1420 ceterarum

244 1458 374 1499 grege
402 1448 703 1497 soecrnentem,
736 1457 887 1488 vereor
915 1457 969 1488 ne
998 1458 1083 1488 non
1112 1444 1281 1497 habeat,
1313 1458 1396 1499 quo
1417 1457 1507 1488 rem
1538 1446 1645 1489 satis
1675 1446 1747 1489 de-

162 1555 164 1557 .
244 1513 401 1567 fendat‚
433 1514 532 1568 quia
560 1514 651 1557 veri
683 1514 940 1557 simillimum
972 1518 1040 1557 est
1066 1518 1284 1557 matronas
1314 1515 1525 1558 Romanas
1557 1518 1602 1558 et
1631 1515 1747 1570 ipsas
1802 1553 1805 1554 ⁷

242 1595 432 1637 purpura
462 1595 613 1626 usuras
642 1582 787 1636 fuisse,
818 1584 854 1625 si
884 1583 1020 1625 virilis
1050 1584 1156 1626 clavi
1186 1584 1455 1637 potissimum
1496 1584 1625 1627 decus
1654 1585 1748 1626 imi-

242 1652 327 1695 tari
358 1652 610 1703 voluissent3
642 1652 753 1706 quod
784 1646 911 1706 quum
942 1651 1100 1695 factum
1129 1664 1212 1695 non
1243 1652 1302 1695 sit
1331 1651 1400 1707 (cf.
1432 1652 1604 1695 Becker.
1637 1653 1746 1696 Gall.

243 1721 305 1763 ΙΙΙ
334 1734 374 1774 p.
398 1724 477 1762 144
509 1723 656 1763 contra
677 1720 903 1775 Boettiyer.
929 1720 1070 1763 Sabin.
1093 1734 1133 1775 p.
1153 1722 1255 1774 359)
1287 1725 1330 1763 et
1359 1721 1577 1776 patagium
1607 1722 1747 1764 rarius

243 1793 606 1842 commemoretur,
643 1802 770 1843 quam
807 1794 1133 1833 consentaneum
1173 1794 1250 1843 est,
1289 1791 1325 1832 si
1363 1790 1498 1833 stolae
1527 1791 1747 1844 pallaeque

242 1859 379 1900 instar
408 1858 574 1911 insigne
609 1858 829 1911 proprium
866 1862 910 1901 et
939 1859 1152 1913 peculiare
1191 1863 1478 1901 matronarum
1514 1859 1619 1901 illud
1649 1870 1744 1901 esse

243 1926 451 1979 volebant,
489 1927 790 1979 grammaticus
831 1928 995 1969 clavum
1025 1928 1091 1969 vel
1132 1926 1186 1969 ob
1226 1925 1386 1968 formae
1426 1927 1746 1969 similitudinem

243 1992 573 2049 (Verbramung)
604 1994 671 2037 vel
701 2007 847 2048 parem
877 1996 1082 2038 adsuendi
1112 1995 1282 2038 modum
1312 1994 1380 2049 (cf.
1405 1994 1580 2038 Fer-rar.
1614 1996 1641 2038 l.
1661 2008 1694 2038 s.
1712 2009 1745 2038 s.

243 2063 261 2104 I
292 2075 332 2117 p.
356 2062 457 2116 206)
499 2063 728 2106 contulisse
768 2064 937 2106 videtur
975 2064 1044 2119 (cf.
1077 2064 1339 2119 Marqua-rdt
1366 2063 1453 2107 und
1489 2063 1747 2118 Mommsen,

242 2131 359 2173 Rom.
393 2132 654 2174 Altertiimer
694 2132 773 2174 VII
801 2146 842 2186 p.
867 2136 943 2175 531
970 2133 1092 2187 sqq).
1153 2134 1240 2175 Iam
1281 2133 1393 2187 quod
1432 2133 1587 2176 Festus
1626 2133 1750 2176 docet

242 2200 458 2254 patagium
489 2199 543 2242 ad
573 2212 778 2242 summam
818 2200 1014 2243 tunicam
1044 2214 1139 2245 esse
1168 2201 1380 2254 adsutum,
1421 2214 1504 2256 quo
1536 2202 1628 2245 iure
1658 2202 1749 2244 sine

243 2269 441 2323 scrupulo
481 2268 730 2311 exteriorem
770 2269 886 2312 illam
927 2270 954 2313 i.
987 2283 1022 2314 e.
1055 2271 1209 2314 stolam
1238 2274 1529 2314 matronarum
1559 2283 1655 2314 csse
1686 2271 1748 2314 di-

242 2350 386 2381 camus
416 2351 541 2393 quam
571 2338 822 2380 interiorem
852 2339 1151 2383 meretricibus
1181 2353 1349 2395 quoque
1378 2340 1594 2392 usitatam,
1625 2353 1747 2394 prae-

242 2407 391 2450 sertim
444 2407 481 2450 si
524 2407 715 2449 Reinius
765 2408 809 2450 in
852 2408 986 2462 Pauly
1031 2409 1303 2463 Realenkykl.
1349 2409 1409 2452 IV
1449 2423 1489 2462 p.
1513 2411 1624 2451 2248
1669 2409 1747 2451 sub

246 2476 417 2528 ‚tunica‘
447 2479 563 2518 recte
594 2476 758 2519 monuit
794 2477 1047 2519 exteriorem
1085 2489 1297 2532 nunquam
1333 2478 1418 2520 alio
1454 2490 1579 2531 quam
1614 2477 1747 2518 stolae

242 2544 412 2587 nomine
456 2545 712 2598 appellatam
758 2546 880 2588 esse?
939 2545 1047 2596 Quia
1092 2550 1234 2589 autem
1278 2546 1483 2588 matronis
1530 2546 1746 2599 patagium

242 2612 413 2655 minime
452 2611 697 2656 abiudicare
741 2613 972 2666 studemus,
1014 2613 1126 2668 quod
1168 2613 1335 2668 quidem
1377 2625 1549 2657 necesse
1589 2618 1669 2668 est,
1711 2614 1748 2657 si

241 2682 359 2725 Festi
379 2682 485 2725 illud
516 2682 730 2734 ,tunicam‘
760 2695 843 2725 non
863 2695 942 2736 pro
961 2684 1100 2736 ,stola‘
1131 2687 1383 2736 usurpatum
1403 2683 1671 2726 concedimus
1693 2709 1747 2714 —

244 2762 340 2793 nam
383 2762 504 2794 nemo
539 2752 632 2793 'non
675 2750 819 2794 videat
862 2754 1151 2795 matronarum
1195 2751 1426 2806 patagium,
1472 2751 1509 2794 si
1553 2751 1749 2796 interiori
