2052 3172
1045 105 1098 144 52

313 238 499 285 fortasse
528 237 712 283 sufficiat
740 239 796 283 ad
824 239 1057 283 Ritsehelii
1091 241 1356 298 aliorumque
1392 241 1548 285 iudicia
1576 252 1820 296 provocare,

313 312 387 369 qui
411 309 580 367 iniquas
602 312 732 366 atque
751 308 882 354 falsas
902 309 1167 367 quorundam
1196 310 1250 354 de
1268 310 1411 354 Plauti
1441 311 1639 366 operibus
1659 311 1825 366 opinio-¹

312 393 387 424 nes
408 390 572 423 summo
593 378 687 421 iure
706 379 1123 434 perstrinxerunt,⁴⁸)
1153 383 1297 422 tamen
1316 378 1458 429 facere
1477 392 1561 424 non
1580 392 1819 435 possumus,

312 450 415 506 quin
453 447 732 503 proferamus,
779 459 888 502 quae
929 448 982 492 de
1021 449 1114 493 loco
1154 449 1227 492 illo
1266 447 1418 492 Bacch.
1466 448 1730 493 defendendo
1770 462 1821 492 ex

311 531 392 561 usu
422 518 521 561 sint.

423 586 588 630 Doctus
619 585 732 629 enim
761 585 833 629 ille
862 584 987 629 homo
1023 588 1158 629 totam
1194 588 1316 629 actus
1345 585 1389 628 H
1434 597 1604 629 scenam
1641 586 1819 630 alteram

309 655 613 709 interpolatam
633 666 728 698 esse
749 666 826 697 suo
847 654 972 697 modo
1004 654 1363 710 (,Machtspriiche
1393 654 1469 697 des
1489 654 1632 698 Herm
1649 656 1818 709 Weise‘,

309 725 372 767 ait
399 722 697 779 Lademyius)
727 723 851 766 nobis
880 724 1053 777 planum
1083 722 1274 767 facturus
1305 723 1358 766 de
1387 723 1493 777 loco,
1534 736 1660 780 quem
1690 738 1820 779 supra

308 793 572 851 scripsimus,
601 791 707 835 haec
736 791 826 835 fere
855 792 1075 846 proponit:
1112 792 1396 836 incommodas
1432 804 1528 835 esse
1563 793 1673 836 tales
1702 797 1817 838 artes

308 863 511 914 scenicas,
543 865 588 904 et
617 861 810 915 quamvis
830 861 1080 904 admiranda
1100 862 1159 904 sit
1187 862 1415 905 admodum
1434 862 1558 914 ratio,
1590 874 1673 916 qua
1691 866 1818 916 poeta

307 930 466 975 actoris
496 929 854 984 vituperationem
884 928 1053 973 fabulae
1082 929 1325 984 intexuerit,
1362 934 1504 973 tamen
1534 931 1816 974 certissimum

308 1011 403 1042 esse
430 999 572 1042 locum
602 998 721 1041 illum
751 1011 777 1040 a
805 998 958 1040 Plauto
993 1010 1078 1040 non
1107 997 1329 1051 proficisci·
1356 998 1399 1051 (l.
1423 1010 1456 1040 s.
1479 1011 1512 1040 s.
1544 1012 1585 1052 p.
1609 1002 1663 1041 33
1684 998 1814 1055 sqq.);

306 1079 405 1110 nam
446 1066 654 1109 malitiam
697 1066 813 1109 illam
864 1066 1166 1108 alienissimam
1210 1077 1305 1108 esse
1357 1066 1410 1108 ab
1450 1066 1541 1109 eius
1586 1066 1728 1110 indole
1774 1070 1818 1110 et

306 1136 520 1180 hominem
559 1135 706 1190 pusilli
746 1134 874 1177 animi
914 1134 1109 1189 prodere,
1152 1135 1225 1189 qui
1266 1134 1436 1189 ingenio
1477 1135 1532 1177 ad
1563 1135 1684 1178 dolos
1714 1148 1815 1179 vero

306 1208 436 1259 poeta
475 1204 674 1258 indignos
712 1202 918 1246 abutatur
958 1203 1002 1257 (l.
1026 1215 1058 1245 S.
1083 1215 1116 1245 s.
1153 1216 1193 1256 p.
1217 1206 1270 1245 99
1293 1203 1416 1257 sqq.).
1477 1203 1597 1255 Quod
1632 1204 1815 1257 primum

306 1274 363 1317 K.
384 1273 443 1316 H.
463 1272 651 1315 Weisius
688 1275 832 1315 censet
862 1271 1151 1315 incommodas
1191 1283 1286 1315 esse
1326 1271 1435 1315 tales
1465 1275 1581 1315 artes
1612 1273 1813 1325 scenicas,

306 1342 504 1399 equidem
533 1341 573 1384 ei
603 1353 789 1384 annuere
818 1353 902 1383 non
931 1352 1116 1394 possum.
1163 1341 1423 1395 Perstringit
1441 1344 1567 1395 poeta
1587 1342 1810 1396 scenicum,

305 1410 425 1454 cuius
455 1410 616 1454 virtute
652 1413 728 1453 aut
767 1409 872 1452 vitio
903 1407 1048 1452 fabula
1085 1408 1229 1452 stabat
1259 1412 1334 1453 aut
1363 1409 1560 1463 cadebat3
1606 1422 1690 1467 quo
1729 1411 1812 1454 alio

304 1480 442 1532 modo,
487 1491 758 1536 quaesumus,
805 1478 846 1521 ei
884 1478 1042 1531 licebat
1081 1478 1372 1532 spectantibus
1412 1478 1684 1532 persuadere,
1729 1492 1813 1523 non

303 1550 469 1603 poetae,
516 1547 592 1591 sed
633 1547 789 1590 scenici
831 1547 955 1600 culpa
993 1545 1179 1589 fabulam
1220 1546 1454 1590 cecidisse?
1512 1546 1597 1589 Fac
1626 1545 1813 1591 fabulam

303 1617 433 1670 illam,
479 1640 536 1647 -—
580 1628 719 1672 neque
767 1617 906 1669 captio
949 1615 994 1657 in
1034 1615 1113 1658 hoc
1160 1618 1238 1668 est,
1292 1639 1350 1645 -
1394 1627 1522 1670 quum
1563 1628 1589 1658 a
1624 1616 1812 1660 Pellione

302 1687 459 1730 iterum
498 1688 627 1740 atque
665 1685 822 1727 iterum
861 1684 1195 1738 disperderetur,
1236 1696 1322 1727 non
1351 1684 1505 1728 Plauto
1545 1685 1625 1729 soli
1666 1685 1812 1740 displi-

303 1755 455 1808 cuisse,
504 1753 580 1797 sed
619 1753 750 1796 etiam
790 1753 1076 1807 spectantium
1115 1752 1378 1796 stomachum
1422 1754 1485 1796 ita
1521 1754 1717 1807 movisse,
1764 1758 1813 1797 ut

301 1835 447 1867 veram
493 1821 739 1866 offensionis
790 1833 962 1864 causam
1017 1821 1263 1874 ignorantes
1319 1834 1402 1864 non
1442 1823 1678 1874 scenicum,
1736 1823 1812 1865 sed

301 1890 563 1935 comoediam
591 1891 728 1945 ipsam
758 1890 1027 1933 damnarent:
1058 1889 1153 1945 quis
1184 1892 1262 1942 est,
1295 1890 1367 1946 qui
1395 1893 1567 1944 poetam
1586 1890 1811 1945 vituperet,

302 1961 339 2004 si
368 1959 656 2003 multitudinis
687 1959 928 2013 opinionem
969 1959 1021 2001 de
1050 1959 1227 2012 Epidico
1268 1962 1437 2013 captam
1477 1971 1646 2015 quoquo
1686 1960 1811 2003 modo

300 2028 515 2083 corrigere
550 2025 779 2071 studebat?
836 2027 1113 2071 Recentiores
1149 2027 1349 2071 videlicet
1376 2030 1529 2082 poetae
1556 2027 1812 2071 histrionum

300 2098 485 2151 ineptias
525 2095 798 2151 aequioribus
838 2096 991 2138 animm
1029 2096 1182 2148 ferant,
1220 2097 1562 2152 quandoquidem
1601 2099 1811 2140 sexcentis

300 2165 471 2209 auxiliis
502 2168 673 2208 cautum
703 2167 782 2219 est,
812 2177 866 2208 ne
896 2176 1002 2220 opus
1031 2163 1312 2208 admiratione
1332 2175 1434 2208 vere
1463 2164 1636 2220 dignum
1666 2164 1811 2223 iniquo

300 2235 458 2278 iudicio
486 2234 665 2277 laboret.
726 2235 862 2285 Quam
892 2234 1020 2277 aliter
1057 2234 1137 2276 hoc
1167 2246 1213 2276 se
1243 2233 1428 2276 habebat
1466 2234 1611 2287 priore
1642 2235 1811 2290 quidem

297 2304 514 2347 Romanae
539 2301 783 2346 comoediae
803 2305 958 2355 aetate,
990 2313 1074 2357 qua
1099 2313 1228 2357 quum
1258 2302 1499 2356 spectaculo
1520 2302 1614 2357 ipso
1644 2306 1810 2346 tantum

300 2372 586 2426 spectantium
609 2371 773 2414 iudicia
803 2371 932 2414 ducta
962 2372 1061 2422 sint,
1092 2383 1215 2413 nemo
1234 2371 1389 2414 merito
1410 2372 1526 2414 dicat
1545 2372 1810 2427 incommoda

298 2444 393 2485 arte
423 2439 591 2484 scenica
619 2439 819 2484 Plautum
848 2451 974 2484 usum
1005 2451 1112 2494 esse,
1144 2451 1275 2494 quum
1305 2439 1524 2484 carissimo
1564 2451 1693 2495 opere
1723 2439 1809 2483 dis-

296 2510 468 2564 perdito
496 2513 720 2563 nocentem
751 2510 965 2552 scenicum
993 2509 1038 2551 in
1066 2509 1309 2562 posteriore
1328 2508 1475 2552 fabula
1492 2509 1807 2562 perstrinxerit,

296 2577 555 2634 praesertim
584 2589 715 2632 quum
744 2578 829 2622 alia
849 2576 1105 2621 defendendi
1134 2577 1303 2622 ratione
1322 2589 1501 2632 prorsus
1530 2577 1729 2621 caruerit.
1751 2601 1809 2608 -

296 2648 372 2691 Sin
408 2651 553 2690 autem
587 2647 684 2701 quis
720 2647 1145 2701 intempestivitatem
1190 2647 1324 2690 totius
1358 2646 1442 2689 loci
1486 2645 1686 2699 offendat,
1723 2659 1807 2701 quo

295 2716 380 2760 alio
409 2715 503 2760 loco
524 2727 675 2760 versus
705 2716 802 2760 illos
833 2716 1042 2760 collocare
1071 2716 1219 2759 malit?
1263 2713 1331 2758 Ab
1361 2718 1612 2770 argumento
1632 2715 1807 2760 Bacchi-
