2052 3172
883 192 937 232 33

159 343 236 389 nec
265 329 520 373 verecundia
548 340 625 370 nec
645 328 822 381 imperio
853 327 1041 370 virorum
1071 325 1214 368 limine
1233 324 1440 367 contineri
1470 327 1659 378 possent,

161 398 237 442 sed
272 399 363 441 vias
402 398 627 451 aditusque
667 396 710 438 in
749 395 889 439 forum
920 395 1163 439 obsidentes
1203 393 1318 436 viros
1357 393 1661 436 descendentes

160 467 215 510 ad
251 466 398 510 forum*
430 468 616 517 orarent,
657 468 707 507 ut
744 463 922 508 florente
961 463 1189 517 republica,
1231 466 1447 505 crescente
1487 462 1531 503 in
1571 461 1662 504 dies

160 535 329 588 privata
358 535 542 577 omnium
571 533 757 585 fortuna,
787 533 994 575 matronis
1023 544 1190 586 quoque
1209 531 1437 585 pristinum
1467 533 1661 573 ornatum

160 603 283 646 reddi
323 606 586 658 paterentur.
647 601 757 653 Quid
797 602 888 644 veri
928 602 1120 654 similius,
1161 613 1285 655 quam
1325 600 1530 653 abrogata
1568 600 1663 653 lege

161 686 186 716 a
220 686 259 716 u.
283 685 316 715 c.
348 671 485 714 DLIX
515 671 683 714 easdem
715 674 931 713 matronas
950 670 1121 713 licentia
1150 670 1318 712 reddita
1346 670 1442 724 plus
1472 670 1664 713 minusve

160 743 304 796 inepte
333 740 487 784 abusas
518 752 623 794 esse,
656 740 737 782 etsi
766 740 812 782 L.
832 740 1029 782 Valerius
1060 738 1257 782 tribunus
1286 739 1400 793 plebi
1429 739 1664 793 periculum

161 823 245 854 non
282 823 376 853 esse
412 812 647 861 censuerat,
688 820 741 850 ne
775 809 974 851 mulieres
1011 809 1064 850 ad
1104 808 1312 850 luxuriem
1349 807 1665 850 effunderentur

163 880 270 934 (Liv.
302 880 329 921 l.
351 891 384 921 s.
407 891 439 921 s.
473 890 506 920 c.
531 877 601 930 6)?
649 876 709 919 Ut
738 876 870 929 igitur
900 877 1107 919 illoaevo
1137 889 1278 920 mores
1306 876 1531 919 mulierum
1560 889 1665 919 non-

163 948 263 990 dum
292 951 518 999 tantopere
547 945 761 998 corrumpi
792 945 982 998 coepisse
1013 946 1277 988 concedimus
1317 949 1446 998 atque
1477 944 1556 987 sub
1587 945 1663 986 im-

162 1013 445 1069 peratoribuS,
492 1014 553 1057 ita
597 1016 697 1056 tunc
747 1013 973 1067 praecipue
1018 1012 1183 1056 duobus
1231 1014 1494 1067 gravissimis
1539 1012 1664 1057 bellis

164 1084 347 1127 secundo
384 1083 523 1125 Marte
559 1081 690 1124 finitis
729 1082 853 1124 inane
893 1085 1183 1124 matronarum
1223 1082 1486 1135 quarundam
1527 1082 1665 1124 cultus

164 1153 351 1197 studium
398 1149 673 1206 amplioribus
720 1151 872 1204 opibus
912 1151 1098 1205 undique
1136 1151 1312 1194 Romam
1359 1149 1666 1194 confluentibus

164 1222 269 1265 adeo
300 1223 468 1263 auctum
500 1231 593 1262 esse
621 1230 874 1273 persuasum
903 1219 1119 1273 habemus,
1161 1223 1210 1262 ut
1239 1220 1477 1274 priscorum
1507 1221 1667 1263 cancel-

163 1292 302 1334 lorum
345 1290 614 1331 immemores
657 1287 922 1330 vestimentis
973 1292 1195 1331 uterentur
1247 1290 1386 1332 colore
1436 1290 1668 1333 materieve

164 1359 297 1413 miris,
328 1370 435 1413 quae
466 1357 578 1400 cives
609 1356 782 1410 antiquo
813 1357 922 1399 mori
944 1356 1199 1415 Catonisque
1228 1358 1448 1401 severitati
1477 1357 1667 1402 faventes

164 1427 388 1471 meretrice
427 1426 622 1479 digniora
662 1438 788 1479 quam
827 1429 1021 1469 matrona
1048 1429 1262 1480 putarent.
1323 1427 1445 1470 Tales
1484 1428 1667 1481 ineptias

165 1500 324 1540 notare·
343 1498 494 1550 poetae
526 1494 673 1538 comici
694 1497 773 1548 est,
804 1507 881 1537 nec
902 1495 1153 1548 supersedet
1172 1508 1346 1539 munere
1366 1496 1545 1540 Plautus
1576 1509 1668 1540 rem

167 1566 231 1608 ita
262 1564 510 1618 instituens,
546 1567 595 1606 ut
625 1563 762 1617 ,istae‘
800 1575 901 1605 voce
930 1563 1154 1606 manifesto
1186 1564 1240 1606 ad
1269 1566 1516 1609 meretrices
1547 1570 1674 1610 antea

165 1634 412 1677 nominatas
431 1632 655 1676 referenda
681 1635 918 1676 scortorum
948 1633 1156 1675 luxuriem
1178 1646 1223 1676 se
1244 1637 1489 1688 carpturum
1512 1635 1671 1678 indicet

159 1706 210 1771 ‘gt
237 1702 475 1744 tunicarum
496 1702 664 1744 nomina
683 1701 802 1743 varia
830 1700 1051 1754 proferens
1081 1701 1268 1754 incipiat,
1300 1705 1400 1744 tunc
1426 1703 1670 1757 patagiatae

169 1771 382 1815 mentione
422 1770 669 1814 intermissa
706 1773 997 1813 matronarum
1033 1783 1199 1824 quoque
1238 1771 1415 1824 pudoris
1444 1771 1673 1815 oblitarum

169 1852 389 1882 censuram
419 1842 538 1893 agat:
580 1851 678 1881 nam
718 1850 826 1892 quae
865 1838 1020 1892 pudica
1054 1839 1207 1881 mulier
1247 1851 1340 1883 cum
1378 1841 1671 1884 meretricibus

168 1909 404 1963 comparari
440 1921 524 1951 non
565 1906 815 1952 erubescat?
875 1908 996 1959 Quod
1036 1912 1177 1951 autem
1217 1922 1270 1951 ne
1309 1909 1371 1952 ita
1410 1911 1579 1964 quidem
1619 1911 1672 1953 de

167 1979 291 2032 stola,
323 1978 400 2025 sed
431 1977 581 2018 tunica
610 1976 799 2030 loquitur
835 1976 1060 2030 indusiata‚
1090 1977 1325 2031 patagiata,
1362 1978 1405 2020 in
1434 1979 1573 2022 medio
1605 1992 1671 2022 re-

167 2047 407 2101 linquimus,
438 2048 582 2088 utrum
602 2058 649 2088 re
669 2058 770 2088 vera
791 2057 974 2098 unquam
993 2046 1152 2088 Romae
1172 2046 1304 2088 vestis
1336 2046 1577 2098 ,indusiata‘
1605 2049 1671 2090 vel

169 2115 412 2169 ,patagiata‘
451 2114 509 2156 sit
548 2114 774 2165 nominata,
814 2126 867 2155 au
903 2117 1030 2167 poeta
1065 2113 1195 2157 verbo
1234 2127 1458 2157 numerose
1495 2117 1672 2159 cadente

167 2184 393 2226 honestum
423 2183 559 2225 stolae
578 2194 731 2225 nomen
761 2182 985 2225 circumire
1017 2187 1060 2225 et
1090 2187 1382 2226 matronarum
1412 2183 1673 2239 obiurgatio-

169 2265 266 2295 nem
295 2264 390 2294 cum
419 2250 691 2294 meretricum
722 2262 901 2296 censura
930 2251 1097 2294 tunicae
1127 2252 1296 2294 nomine
1333 2252 1525 2307 utrisque
1563 2266 1673 2296 com-

168 2321 307 2364 munis
338 2320 473 2363 artius
510 2323 771 2371 connectere,
812 2320 879 2362 vel
909 2321 1128 2374 patagium
1164 2321 1303 2374 ipsum
1341 2321 1395 2363 ob
1432 2320 1674 2365 effusiorem

170 2390 329 2433 cultum
357 2391 508 2432 notare
537 2388 731 2432 voluerit.
743 2388 797 2443 ²³⁴)

283 2458 471 2511 Longius
501 2457 603 2511 fere,
634 2470 760 2512 quam
788 2471 866 2512 pro
898 2459 1022 2502 huius
1052 2458 1186 2501 libelli
1216 2459 1409 2502 terminis
1430 2465 1480 2501 ex
1500 2471 1582 2502 usu
1602 2460 1672 2511 sit,

171 2540 197 2569 a
226 2527 487 2580 quaestionis
518 2529 717 2569 contextu
753 2526 926 2570 abducti
964 2536 1110 2570 'sumus
1141 2527 1415 2569 monstrando
1457 2539 1675 2569 enumera-

171 2595 328 2639 tionem
356 2594 473 2637 illam
502 2595 853 2638 vestimentorum
882 2608 1011 2649 quum
1039 2595 1279 2639 nominibus
1309 2608 1334 2638 a
1363 2599 1555 2649 tempore
1585 2599 1676 2638 tum

172 2663 347 2706 consilio
377 2663 429 2705 ab
449 2664 618 2716 ingenio
639 2664 780 2707 Plauti
810 2677 894 2706 non
923 2664 1048 2706 modo
1078 2677 1161 2706 non
1183 2663 1426 2718 abhorrere,
1458 2665 1533 2706 sed
1554 2673 1681 2718 prae-'

173 2732 371 2776 cedentes
416 2744 564 2775 versus
607 2736 688 2775 222
720 2745 809 2787 sqq.
855 2732 1128 2776 festivissime
1176 2745 1391 2776 exornare.
1462 2733 1585 2777 Nunc
1626 2734 1679 2777 de

172 2813 449 2856 personarum
478 2801 675 2854 partibus
705 2802 906 2844 n‘onnulla
937 2806 1037 2845 sunt
1066 2803 1252 2845 dicenda.

1542 2896 1558 2920 3
