<?xml version="1.0" encoding="UTF-8"?>
<!DOCTYPE html PUBLIC "-//W3C//DTD XHTML 1.0 Transitional//EN"
    "http://www.w3.org/TR/xhtml1/DTD/xhtml1-transitional.dtd">
<html xmlns="http://www.w3.org/1999/xhtml" xml:lang="en" lang="en">
 <head>
  <title>
</title>
<meta http-equiv="Content-Type" content="text/html;charset=utf-8" />
  <meta name='ocr-system' content='tesseract 3.04.00' />
  <meta name='ocr-capabilities' content='ocr_page ocr_carea ocr_par ocr_line ocrx_word'/>
</head>
<body>
  <div class='ocr_page' id='page_1' title='image "4737867_0019.png"; bbox 0 0 2052 3172; ppageno 0'>
   <div class='ocr_carea' id='block_1_1' title="bbox 1023 162 1046 200">
    <p class='ocr_par' dir='ltr' id='par_1_1' title="bbox 1023 162 1046 200">
     <span class='ocr_line' id='line_1_1' title="bbox 1023 162 1046 200; baseline 0 0"><span class='ocrx_word' id='word_1_1' title='bbox 1023 162 1046 200; x_wconf 88' lang='lat' dir='ltr'>G</span> 
     </span>
    </p>
   </div>
   <div class='ocr_carea' id='block_1_2' title="bbox 894 217 1169 225">
    <p class='ocr_par' dir='ltr' id='par_1_2' title="bbox 894 217 1169 225">
     <span class='ocr_line' id='line_1_2' title="bbox 894 217 1169 225; baseline 0 0"><span class='ocrx_word' id='word_1_2' title='bbox 894 217 1169 225; x_wconf 95' lang='lat' dir='ltr'><strong> </strong></span> 
     </span>
    </p>
   </div>
   <div class='ocr_carea' id='block_1_3' title="bbox 275 284 1787 747">
    <p class='ocr_par' dir='ltr' id='par_1_3' title="bbox 275 284 1787 747">
     <span class='ocr_line' id='line_1_3' title="bbox 278 284 1784 349; baseline 0.002 -13"><span class='ocrx_word' id='word_1_3' title='bbox 278 284 394 336; x_wconf 84' lang='lat' dir='ltr'><strong>senis</strong></span> <span class='ocrx_word' id='word_1_4' title='bbox 411 294 536 337; x_wconf 92' lang='lat' dir='ltr'><strong>domo</strong></span> <span class='ocrx_word' id='word_1_5' title='bbox 558 298 769 349; x_wconf 79' lang='lat' dir='ltr'><strong>versatur,</strong></span> <span class='ocrx_word' id='word_1_6' title='bbox 799 295 869 338; x_wconf 90' lang='lat' dir='ltr'><strong>hic</strong></span> <span class='ocrx_word' id='word_1_7' title='bbox 888 295 1068 338; x_wconf 83' lang='lat' dir='ltr'><strong>alteram</strong></span> <span class='ocrx_word' id='word_1_8' title='bbox 1089 295 1301 339; x_wconf 85' lang='lat' dir='ltr'><strong>fidicinam</strong></span> <span class='ocrx_word' id='word_1_9' title='bbox 1322 294 1405 338; x_wconf 87' lang='lat' dir='ltr'>sibi</span> <span class='ocrx_word' id='word_1_10' title='bbox 1428 296 1552 338; x_wconf 90' lang='lat' dir='ltr'><strong>modo</strong></span> <span class='ocrx_word' id='word_1_11' title='bbox 1583 296 1784 339; x_wconf 74' lang='lat' dir='ltr'><strong>traditam</strong></span> 
     </span>
     <span class='ocr_line' id='line_1_4' title="bbox 278 362 1787 420; baseline 0.002 -14"><span class='ocrx_word' id='word_1_12' title='bbox 278 376 305 406; x_wconf 84' lang='lat' dir='ltr'><strong>a</strong></span> <span class='ocrx_word' id='word_1_13' title='bbox 335 362 542 407; x_wconf 79' lang='lat' dir='ltr'><strong>bellatore</strong></span> <span class='ocrx_word' id='word_1_14' title='bbox 581 363 661 407; x_wconf 89' lang='lat' dir='ltr'><strong>sub</strong></span> <span class='ocrx_word' id='word_1_15' title='bbox 699 364 1027 419; x_wconf 88' lang='lat' dir='ltr'><strong>Acropolistidis</strong></span> <span class='ocrx_word' id='word_1_16' title='bbox 1066 366 1234 409; x_wconf 89' lang='lat' dir='ltr'><strong>nomine</strong></span> <span class='ocrx_word' id='word_1_17' title='bbox 1273 364 1421 420; x_wconf 85' lang='lat' dir='ltr'><strong>quaeri</strong></span> <span class='ocrx_word' id='word_1_18' title='bbox 1459 364 1638 419; x_wconf 84' lang='lat' dir='ltr'><strong>opinans</strong></span> <span class='ocrx_word' id='word_1_19' title='bbox 1677 365 1787 409; x_wconf 83' lang='lat' dir='ltr'><strong>hanc</strong></span> 
     </span>
     <span class='ocr_line' id='line_1_5' title="bbox 278 431 1785 490; baseline 0.003 -18"><span class='ocrx_word' id='word_1_20' title='bbox 278 432 399 473; x_wconf 88' lang='lat' dir='ltr'><strong>educi</strong></span> <span class='ocrx_word' id='word_1_21' title='bbox 430 431 562 483; x_wconf 89' lang='lat' dir='ltr'><strong>iubet,</strong></span> <span class='ocrx_word' id='word_1_22' title='bbox 594 445 678 485; x_wconf 92' lang='lat' dir='ltr'><strong>quo</strong></span> <span class='ocrx_word' id='word_1_23' title='bbox 708 432 769 483; x_wconf 90' lang='lat' dir='ltr'><strong>fit,</strong></span> <span class='ocrx_word' id='word_1_24' title='bbox 806 437 856 475; x_wconf 90' lang='lat' dir='ltr'><strong>ut</strong></span> <span class='ocrx_word' id='word_1_25' title='bbox 886 434 1073 476; x_wconf 86' lang='lat' dir='ltr'><strong>secunda</strong></span> <span class='ocrx_word' id='word_1_26' title='bbox 1101 434 1270 488; x_wconf 82' lang='lat' dir='ltr'><strong>Epidici</strong></span> <span class='ocrx_word' id='word_1_27' title='bbox 1308 433 1427 476; x_wconf 86' lang='lat' dir='ltr'><strong>fraus</strong></span> <span class='ocrx_word' id='word_1_28' title='bbox 1466 444 1595 486; x_wconf 88' lang='lat' dir='ltr'><strong>quum</strong></span> <span class='ocrx_word' id='word_1_29' title='bbox 1636 433 1785 490; x_wconf 71' lang='lat' dir='ltr'><strong>militis</strong></span> 
     </span>
     <span class='ocr_line' id='line_1_6' title="bbox 278 499 1786 558; baseline 0.001 -15"><span class='ocrx_word' id='word_1_30' title='bbox 278 499 516 554; x_wconf 80' lang='lat' dir='ltr'><strong>suspitione</strong></span> <span class='ocrx_word' id='word_1_31' title='bbox 546 503 638 544; x_wconf 91' lang='lat' dir='ltr'><strong>tum</strong></span> <span class='ocrx_word' id='word_1_32' title='bbox 679 500 872 546; x_wconf 77' lang='lat' dir='ltr'><strong>fidicinas</strong></span> <span class='ocrx_word' id='word_1_33' title='bbox 900 499 1169 556; x_wconf 81' lang='lat' dir='ltr'><strong>professione</strong></span> <span class='ocrx_word' id='word_1_34' title='bbox 1198 501 1429 558; x_wconf 87' lang='lat' dir='ltr'><strong>aperiatur.</strong></span> <span class='ocrx_word' id='word_1_35' title='bbox 1488 500 1671 555; x_wconf 86' lang='lat' dir='ltr'><strong>Abeunt,</strong></span> <span class='ocrx_word' id='word_1_36' title='bbox 1712 500 1786 545; x_wconf 89' lang='lat' dir='ltr'><strong>ille</strong></span> 
     </span>
     <span class='ocr_line' id='line_1_7' title="bbox 277 569 1784 627; baseline 0.002 -18"><span class='ocrx_word' id='word_1_37' title='bbox 277 569 456 610; x_wconf 83' lang='lat' dir='ltr'><strong>amicam</strong></span> <span class='ocrx_word' id='word_1_38' title='bbox 497 569 672 620; x_wconf 92' lang='lat' dir='ltr'><strong>,ubiubi‘</strong></span> <span class='ocrx_word' id='word_1_39' title='bbox 714 571 772 611; x_wconf 89' lang='lat' dir='ltr'><strong>sit</strong></span> <span class='ocrx_word' id='word_1_40' title='bbox 808 570 1070 623; x_wconf 85' lang='lat' dir='ltr'><strong>indagatum,</strong></span> <span class='ocrx_word' id='word_1_41' title='bbox 1125 572 1231 614; x_wconf 86' lang='lat' dir='ltr'><strong>haec</strong></span> <span class='ocrx_word' id='word_1_42' title='bbox 1269 571 1455 624; x_wconf 83' lang='lat' dir='ltr'><strong>turpiter</strong></span> <span class='ocrx_word' id='word_1_43' title='bbox 1493 573 1681 611; x_wconf 78' lang='lat' dir='ltr'><strong>tractata</strong></span> <span class='ocrx_word' id='word_1_44' title='bbox 1702 623 1708 627; x_wconf 16' lang='grc' dir='ltr'>ἱ</span> <span class='ocrx_word' id='word_1_45' title='bbox 1729 569 1784 612; x_wconf 85' lang='lat' dir='ltr'><strong>ab</strong></span> 
     </span>
     <span class='ocr_line' id='line_1_8' title="bbox 275 636 1785 695; baseline 0.001 -16"><span class='ocrx_word' id='word_1_46' title='bbox 275 636 388 679; x_wconf 88' lang='lat' dir='ltr'><strong>irato</strong></span> <span class='ocrx_word' id='word_1_47' title='bbox 418 648 532 691; x_wconf 87' lang='lat' dir='ltr'><strong>sene,</strong></span> <span class='ocrx_word' id='word_1_48' title='bbox 570 637 642 692; x_wconf 90' lang='lat' dir='ltr'><strong>qui</strong></span> <span class='ocrx_word' id='word_1_49' title='bbox 672 637 851 680; x_wconf 88' lang='lat' dir='ltr'><strong>aliorum</strong></span> <span class='ocrx_word' id='word_1_50' title='bbox 891 637 1078 681; x_wconf 84' lang='lat' dir='ltr'><strong>stultitia</strong></span> <span class='ocrx_word' id='word_1_51' title='bbox 1106 639 1324 695; x_wconf 89' lang='lat' dir='ltr'><strong>propriam</strong></span> <span class='ocrx_word' id='word_1_52' title='bbox 1364 648 1570 682; x_wconf 85' lang='lat' dir='ltr'><strong>excusans</strong></span> <span class='ocrx_word' id='word_1_53' title='bbox 1610 648 1656 680; x_wconf 84' lang='lat' dir='ltr'><strong>se</strong></span> <span class='ocrx_word' id='word_1_54' title='bbox 1686 648 1785 681; x_wconf 90' lang='lat' dir='ltr'><strong>con-</strong></span> 
     </span>
     <span class='ocr_line' id='line_1_9' title="bbox 277 704 455 747; baseline 0.006 -1"><span class='ocrx_word' id='word_1_55' title='bbox 277 704 455 747; x_wconf 89' lang='lat' dir='ltr'><strong>solatur.</strong></span> 
     </span>
    </p>
   </div>
   <div class='ocr_carea' id='block_1_4' title="bbox 274 794 1787 1386">
    <p class='ocr_par' dir='ltr' id='par_1_4' title="bbox 274 794 1787 1386">
     <span class='ocr_line' id='line_1_10' title="bbox 333 794 1786 851; baseline 0.001 -14"><span class='ocrx_word' id='word_1_56' title='bbox 333 794 531 847; x_wconf 85' lang='lat' dir='ltr'><strong>1v‚3—4</strong></span> <span class='ocrx_word' id='word_1_57' title='bbox 562 795 636 851; x_wconf 91' lang='lat'><strong>(=</strong></span> <span class='ocrx_word' id='word_1_58' title='bbox 655 795 728 847; x_wconf 85' lang='lat' dir='ltr'><strong>IV,</strong></span> <span class='ocrx_word' id='word_1_59' title='bbox 751 798 858 838; x_wconf 88' lang='lat'>1—-2</span> <span class='ocrx_word' id='word_1_60' title='bbox 883 794 980 850; x_wconf 49' lang='grc' dir='ltr'><strong>(ἢ,</strong></span> <span class='ocrx_word' id='word_1_61' title='bbox 1002 808 1040 839; x_wconf 90' lang='lat' dir='ltr'><strong>v.</strong></span> <span class='ocrx_word' id='word_1_62' title='bbox 1061 796 1321 851; x_wconf 86' lang='lat'>526-606).</span> <span class='ocrx_word' id='word_1_63' title='bbox 1353 796 1550 840; x_wconf 89' lang='lat' dir='ltr'><strong>Adventu</strong></span> <span class='ocrx_word' id='word_1_64' title='bbox 1564 795 1786 850; x_wconf 85' lang='lat' dir='ltr'><strong>Philippae</strong></span> 
     </span>
     <span class='ocr_line' id='line_1_11' title="bbox 276 862 1786 920; baseline 0.002 -15"><span class='ocrx_word' id='word_1_65' title='bbox 276 866 445 917; x_wconf 88' lang='lat' dir='ltr'><strong>captam</strong></span> <span class='ocrx_word' id='word_1_66' title='bbox 474 862 603 906; x_wconf 84' lang='lat' dir='ltr'><strong>filiam</strong></span> <span class='ocrx_word' id='word_1_67' title='bbox 634 864 943 919; x_wconf 81' lang='lat' dir='ltr'><strong>investigantis,</strong></span> <span class='ocrx_word' id='word_1_68' title='bbox 975 865 1094 907; x_wconf 87' lang='lat' dir='ltr'><strong>cuius</strong></span> <span class='ocrx_word' id='word_1_69' title='bbox 1124 868 1173 907; x_wconf 90' lang='lat' dir='ltr'><strong>ut</strong></span> <span class='ocrx_word' id='word_1_70' title='bbox 1193 869 1360 909; x_wconf 89' lang='lat' dir='ltr'><strong>amatae</strong></span> <span class='ocrx_word' id='word_1_71' title='bbox 1380 865 1591 920; x_wconf 83' lang='lat' dir='ltr'><strong>quondam</strong></span> <span class='ocrx_word' id='word_1_72' title='bbox 1619 864 1786 919; x_wconf 86' lang='lat' dir='ltr'><strong>puellae</strong></span> 
     </span>
     <span class='ocr_line' id='line_1_12' title="bbox 276 931 1786 985; baseline 0.001 -11"><span class='ocrx_word' id='word_1_73' title='bbox 276 932 512 985; x_wconf 88' lang='lat' dir='ltr'><strong>matrisque</strong></span> <span class='ocrx_word' id='word_1_74' title='bbox 551 931 779 976; x_wconf 89' lang='lat' dir='ltr'><strong>Telestidis</strong></span> <span class='ocrx_word' id='word_1_75' title='bbox 823 934 906 976; x_wconf 87' lang='lat' dir='ltr'><strong>iam</strong></span> <span class='ocrx_word' id='word_1_76' title='bbox 952 937 1080 976; x_wconf 86' lang='lat' dir='ltr'><strong>antea</strong></span> <span class='ocrx_word' id='word_1_77' title='bbox 1123 933 1315 977; x_wconf 86' lang='lat' dir='ltr'><strong>breviter</strong></span> <span class='ocrx_word' id='word_1_78' title='bbox 1359 934 1517 978; x_wconf 86' lang='lat' dir='ltr'><strong>mentio</strong></span> <span class='ocrx_word' id='word_1_79' title='bbox 1562 934 1675 977; x_wconf 89' lang='lat' dir='ltr'><strong>facta</strong></span> <span class='ocrx_word' id='word_1_80' title='bbox 1718 937 1786 977; x_wconf 85' lang='lat' dir='ltr'><strong>est</strong></span> 
     </span>
     <span class='ocr_line' id='line_1_13' title="bbox 275 1000 1785 1059; baseline 0.001 -17"><span class='ocrx_word' id='word_1_81' title='bbox 275 1000 331 1054; x_wconf 85' lang='lat' dir='ltr'><strong>(v.</strong></span> <span class='ocrx_word' id='word_1_82' title='bbox 370 1001 480 1054; x_wconf 83' lang='lat'><strong>168),</strong></span> <span class='ocrx_word' id='word_1_83' title='bbox 522 1001 650 1044; x_wconf 88' lang='lat' dir='ltr'><strong>etiam</strong></span> <span class='ocrx_word' id='word_1_84' title='bbox 690 1002 811 1055; x_wconf 90' lang='lat' dir='ltr'><strong>prius</strong></span> <span class='ocrx_word' id='word_1_85' title='bbox 848 1002 960 1045; x_wconf 88' lang='lat' dir='ltr'><strong>servi</strong></span> <span class='ocrx_word' id='word_1_86' title='bbox 1000 1002 1202 1059; x_wconf 86' lang='lat' dir='ltr'><strong>delictum</strong></span> <span class='ocrx_word' id='word_1_87' title='bbox 1233 1002 1461 1057; x_wconf 82' lang='lat' dir='ltr'><strong>detegitur,</strong></span> <span class='ocrx_word' id='word_1_88' title='bbox 1509 1014 1637 1057; x_wconf 90' lang='lat' dir='ltr'><strong>quum</strong></span> <span class='ocrx_word' id='word_1_89' title='bbox 1666 1001 1785 1045; x_wconf 89' lang='lat' dir='ltr'><strong>Tele-</strong></span> 
     </span>
     <span class='ocr_line' id='line_1_14' title="bbox 275 1067 1786 1123; baseline 0.001 -13"><span class='ocrx_word' id='word_1_90' title='bbox 275 1068 430 1111; x_wconf 90' lang='lat' dir='ltr'><strong>stidem</strong></span> <span class='ocrx_word' id='word_1_91' title='bbox 461 1068 647 1123; x_wconf 85' lang='lat' dir='ltr'><strong>(falsam)</strong></span> <span class='ocrx_word' id='word_1_92' title='bbox 687 1069 815 1112; x_wconf 85' lang='lat' dir='ltr'><strong>matri</strong></span> <span class='ocrx_word' id='word_1_93' title='bbox 846 1082 897 1112; x_wconf 87' lang='lat' dir='ltr'><strong>ex</strong></span> <span class='ocrx_word' id='word_1_94' title='bbox 926 1069 1104 1113; x_wconf 85' lang='lat' dir='ltr'><strong>aedibus</strong></span> <span class='ocrx_word' id='word_1_95' title='bbox 1134 1070 1364 1113; x_wconf 77' lang='lat' dir='ltr'><strong>adductam·</strong></span> <span class='ocrx_word' id='word_1_96' title='bbox 1393 1083 1476 1114; x_wconf 91' lang='lat' dir='ltr'><strong>non</strong></span> <span class='ocrx_word' id='word_1_97' title='bbox 1507 1070 1636 1113; x_wconf 87' lang='lat' dir='ltr'><strong>filiam</strong></span> <span class='ocrx_word' id='word_1_98' title='bbox 1678 1067 1786 1122; x_wconf 80' lang='lat' dir='ltr'><strong>esse,</strong></span> 
     </span>
     <span class='ocr_line' id='line_1_15' title="bbox 276 1136 1786 1193; baseline 0.001 -14"><span class='ocrx_word' id='word_1_99' title='bbox 276 1137 352 1180; x_wconf 90' lang='lat' dir='ltr'><strong>sed</strong></span> <span class='ocrx_word' id='word_1_100' title='bbox 383 1136 573 1180; x_wconf 83' lang='lat' dir='ltr'><strong>dolosam</strong></span> <span class='ocrx_word' id='word_1_101' title='bbox 604 1136 840 1192; x_wconf 86' lang='lat' dir='ltr'><strong>quamlibet</strong></span> <span class='ocrx_word' id='word_1_102' title='bbox 878 1138 1022 1193; x_wconf 91' lang='lat' dir='ltr'><strong>lupam</strong></span> <span class='ocrx_word' id='word_1_103' title='bbox 1052 1138 1305 1193; x_wconf 86' lang='lat' dir='ltr'><strong>Periphanis</strong></span> <span class='ocrx_word' id='word_1_104' title='bbox 1344 1139 1524 1193; x_wconf 88' lang='lat' dir='ltr'><strong>pecunia</strong></span> <span class='ocrx_word' id='word_1_105' title='bbox 1561 1137 1786 1181; x_wconf 88' lang='lat' dir='ltr'><strong>liberatam</strong></span> 
     </span>
     <span class='ocr_line' id='line_1_16' title="bbox 275 1196 1787 1259; baseline 0.001 -11"><span class='ocrx_word' id='word_1_106' title='bbox 275 1205 437 1259; x_wconf 87' lang='lat' dir='ltr'><strong>patefit.</strong></span> <span class='ocrx_word' id='word_1_107' title='bbox 497 1196 676 1248; x_wconf 80' lang='lat' dir='ltr'><strong>Auctori</strong></span> <span class='ocrx_word' id='word_1_108' title='bbox 704 1206 870 1249; x_wconf 86' lang='lat' dir='ltr'><strong>fraudis</strong></span> <span class='ocrx_word' id='word_1_109' title='bbox 901 1208 1101 1250; x_wconf 90' lang='lat' dir='ltr'><strong>nimirum</strong></span> <span class='ocrx_word' id='word_1_110' title='bbox 1141 1208 1348 1251; x_wconf 89' lang='lat' dir='ltr'><strong>acerrime</strong></span> <span class='ocrx_word' id='word_1_111' title='bbox 1362 1202 1628 1251; x_wconf 78' lang='lat' dir='ltr'><strong>&#39;succensens</strong></span> <span class='ocrx_word' id='word_1_112' title='bbox 1658 1212 1787 1250; x_wconf 83' lang='lat' dir='ltr'><strong>se&#39;uex</strong></span> 
     </span>
     <span class='ocr_line' id='line_1_17' title="bbox 275 1274 1786 1330; baseline 0.001 -14"><span class='ocrx_word' id='word_1_113' title='bbox 275 1274 438 1317; x_wconf 90' lang='lat' dir='ltr'><strong>relictis</strong></span> <span class='ocrx_word' id='word_1_114' title='bbox 469 1274 597 1317; x_wconf 90' lang='lat' dir='ltr'><strong>rebus</strong></span> <span class='ocrx_word' id='word_1_115' title='bbox 640 1275 881 1328; x_wconf 82' lang='lat' dir='ltr'><strong>quaerendo</strong></span> <span class='ocrx_word' id='word_1_116' title='bbox 923 1276 961 1318; x_wconf 88' lang='lat' dir='ltr'><strong>ei</strong></span> <span class='ocrx_word' id='word_1_117' title='bbox 992 1288 1164 1330; x_wconf 81' lang='lat' dir='ltr'><strong>operam</strong></span> <span class='ocrx_word' id='word_1_118' title='bbox 1206 1275 1292 1330; x_wconf 90' lang='lat' dir='ltr'><strong>dat,</strong></span> <span class='ocrx_word' id='word_1_119' title='bbox 1332 1279 1556 1330; x_wconf 90' lang='lat' dir='ltr'><strong>postquam</strong></span> <span class='ocrx_word' id='word_1_120' title='bbox 1586 1274 1786 1318; x_wconf 89' lang='lat' dir='ltr'><strong>mulieres</strong></span> 
     </span>
     <span class='ocr_line' id='line_1_18' title="bbox 274 1343 636 1386; baseline 0 -1"><span class='ocrx_word' id='word_1_121' title='bbox 274 1343 318 1385; x_wconf 90' lang='lat' dir='ltr'><strong>in</strong></span> <span class='ocrx_word' id='word_1_122' title='bbox 349 1343 477 1386; x_wconf 89' lang='lat' dir='ltr'><strong>aedes</strong></span> <span class='ocrx_word' id='word_1_123' title='bbox 508 1343 636 1385; x_wconf 90' lang='lat' dir='ltr'><strong>misit.</strong></span> 
     </span>
    </p>
   </div>
   <div class='ocr_carea' id='block_1_5' title="bbox 272 1433 1785 2109">
    <p class='ocr_par' dir='ltr' id='par_1_5' title="bbox 272 1433 1785 2109">
     <span class='ocr_line' id='line_1_19' title="bbox 336 1433 1784 1491; baseline 0.001 -15"><span class='ocrx_word' id='word_1_124' title='bbox 336 1433 383 1488; x_wconf 91' lang='lat' dir='ltr'><strong>V,</strong></span> <span class='ocrx_word' id='word_1_125' title='bbox 407 1438 424 1477; x_wconf 94' lang='lat' dir='ltr'><strong>l</strong></span> <span class='ocrx_word' id='word_1_126' title='bbox 459 1434 515 1489; x_wconf 88' lang='lat' dir='ltr'><strong>(v.</strong></span> <span class='ocrx_word' id='word_1_127' title='bbox 535 1435 796 1489; x_wconf 84' lang='lat'>607—665).</span> <span class='ocrx_word' id='word_1_128' title='bbox 846 1435 1025 1491; x_wconf 90' lang='lat' dir='ltr'><strong>Epidico</strong></span> <span class='ocrx_word' id='word_1_129' title='bbox 1047 1436 1283 1479; x_wconf 88' lang='lat' dir='ltr'><strong>cruciatum</strong></span> <span class='ocrx_word' id='word_1_130' title='bbox 1303 1435 1545 1479; x_wconf 85' lang='lat' dir='ltr'><strong>necessario</strong></span> <span class='ocrx_word' id='word_1_131' title='bbox 1566 1435 1784 1478; x_wconf 89' lang='lat' dir='ltr'><strong>imminen-</strong></span> 
     </span>
     <span class='ocr_line' id='line_1_20' title="bbox 275 1502 1785 1559; baseline 0.001 -14"><span class='ocrx_word' id='word_1_132' title='bbox 275 1506 361 1545; x_wconf 91' lang='lat' dir='ltr'><strong>tem</strong></span> <span class='ocrx_word' id='word_1_133' title='bbox 393 1502 978 1558; x_wconf 71' lang='lat' dir='ltr'><strong>Stratippoclidenuntiante</strong></span> <span class='ocrx_word' id='word_1_134' title='bbox 1006 1529 1063 1535; x_wconf 94' lang='lat'><strong>—</strong></span> <span class='ocrx_word' id='word_1_135' title='bbox 1093 1505 1202 1548; x_wconf 88' lang='lat' dir='ltr'><strong>vidit</strong></span> <span class='ocrx_word' id='word_1_136' title='bbox 1242 1505 1354 1548; x_wconf 89' lang='lat' dir='ltr'><strong>enim</strong></span> <span class='ocrx_word' id='word_1_137' title='bbox 1383 1503 1664 1559; x_wconf 90' lang='lat' dir='ltr'><strong>Periphanem</strong></span> <span class='ocrx_word' id='word_1_138' title='bbox 1693 1502 1785 1546; x_wconf 91' lang='lat' dir='ltr'><strong>lora</strong></span> 
     </span>
     <span class='ocr_line' id='line_1_21' title="bbox 275 1571 1784 1625; baseline 0.001 -12"><span class='ocrx_word' id='word_1_139' title='bbox 275 1575 485 1614; x_wconf 86' lang='lat' dir='ltr'><strong>ementem</strong></span> <span class='ocrx_word' id='word_1_140' title='bbox 523 1597 578 1602; x_wconf 97' lang='lat'><strong>—</strong></span> <span class='ocrx_word' id='word_1_141' title='bbox 619 1571 837 1615; x_wconf 86' lang='lat' dir='ltr'><strong>fenerator</strong></span> <span class='ocrx_word' id='word_1_142' title='bbox 881 1573 934 1615; x_wconf 91' lang='lat' dir='ltr'><strong>ab</strong></span> <span class='ocrx_word' id='word_1_143' title='bbox 979 1573 1052 1616; x_wconf 93' lang='lat' dir='ltr'><strong>illo</strong></span> <span class='ocrx_word' id='word_1_144' title='bbox 1093 1573 1339 1616; x_wconf 89' lang='lat' dir='ltr'><strong>iamdudum</strong></span> <span class='ocrx_word' id='word_1_145' title='bbox 1381 1572 1649 1625; x_wconf 87' lang='lat' dir='ltr'><strong>desideratus</strong></span> <span class='ocrx_word' id='word_1_146' title='bbox 1682 1583 1784 1615; x_wconf 83' lang='lat' dir='ltr'><strong>cum</strong></span> 
     </span>
     <span class='ocr_line' id='line_1_22' title="bbox 273 1634 1783 1698; baseline 0.001 -15"><span class='ocrx_word' id='word_1_147' title='bbox 273 1640 416 1695; x_wconf 89' lang='lat' dir='ltr'><strong>puella</strong></span> <span class='ocrx_word' id='word_1_148' title='bbox 435 1644 588 1684; x_wconf 74' lang='lat' dir='ltr'><strong>&#39;amata</strong></span> <span class='ocrx_word' id='word_1_149' title='bbox 617 1641 746 1695; x_wconf 86' lang='lat' dir='ltr'><strong>venit,</strong></span> <span class='ocrx_word' id='word_1_150' title='bbox 778 1653 903 1696; x_wconf 90' lang='lat' dir='ltr'><strong>quam</strong></span> <span class='ocrx_word' id='word_1_151' title='bbox 935 1654 1084 1686; x_wconf 87' lang='lat' dir='ltr'><strong>servus</strong></span> <span class='ocrx_word' id='word_1_152' title='bbox 1125 1654 1272 1686; x_wconf 86' lang='lat' dir='ltr'><strong>veram</strong></span> <span class='ocrx_word' id='word_1_153' title='bbox 1301 1639 1557 1686; x_wconf 89' lang='lat' dir='ltr'><strong>Telestidem</strong></span> <span class='ocrx_word' id='word_1_154' title='bbox 1587 1634 1783 1698; x_wconf 25' lang='lat' dir='ltr'><strong>esse-ag-</strong></span> 
     </span>
     <span class='ocr_line' id='line_1_23' title="bbox 273 1709 1783 1764; baseline -0.001 -13"><span class='ocrx_word' id='word_1_155' title='bbox 273 1710 413 1752; x_wconf 89' lang='lat' dir='ltr'><strong>noscit</strong></span> <span class='ocrx_word' id='word_1_156' title='bbox 453 1713 497 1751; x_wconf 90' lang='lat' dir='ltr'><strong>et</strong></span> <span class='ocrx_word' id='word_1_157' title='bbox 535 1709 687 1752; x_wconf 81' lang='lat' dir='ltr'><strong>iuvene</strong></span> <span class='ocrx_word' id='word_1_158' title='bbox 725 1710 930 1763; x_wconf 88' lang='lat' dir='ltr'><strong>pecuniae</strong></span> <span class='ocrx_word' id='word_1_159' title='bbox 968 1711 1228 1764; x_wconf 85' lang='lat' dir='ltr'><strong>promendae</strong></span> <span class='ocrx_word' id='word_1_160' title='bbox 1270 1722 1398 1752; x_wconf 90' lang='lat' dir='ltr'><strong>causa</strong></span> <span class='ocrx_word' id='word_1_161' title='bbox 1436 1709 1551 1751; x_wconf 84' lang='lat' dir='ltr'><strong>intus</strong></span> <span class='ocrx_word' id='word_1_162' title='bbox 1592 1709 1783 1762; x_wconf 85' lang='lat' dir='ltr'><strong>digresso</strong></span> 
     </span>
     <span class='ocr_line' id='line_1_24' title="bbox 273 1777 1782 1834; baseline -0.001 -11"><span class='ocrx_word' id='word_1_163' title='bbox 273 1791 381 1834; x_wconf 78' lang='lat' dir='ltr'><strong>quae</strong></span> <span class='ocrx_word' id='word_1_164' title='bbox 422 1790 530 1833; x_wconf 91' lang='lat' dir='ltr'><strong>opus</strong></span> <span class='ocrx_word' id='word_1_165' title='bbox 571 1778 671 1832; x_wconf 90' lang='lat' dir='ltr'><strong>sint,</strong></span> <span class='ocrx_word' id='word_1_166' title='bbox 713 1779 874 1823; x_wconf 86' lang='lat' dir='ltr'><strong>edocet.</strong></span> <span class='ocrx_word' id='word_1_167' title='bbox 944 1779 1134 1834; x_wconf 84' lang='lat' dir='ltr'><strong>Argento</strong></span> <span class='ocrx_word' id='word_1_168' title='bbox 1175 1778 1317 1823; x_wconf 90' lang='lat' dir='ltr'><strong>soluto</strong></span> <span class='ocrx_word' id='word_1_169' title='bbox 1357 1777 1666 1833; x_wconf 86' lang='lat' dir='ltr'><strong>Stratippocles</strong></span> <span class='ocrx_word' id='word_1_170' title='bbox 1703 1789 1782 1832; x_wconf 91' lang='lat' dir='ltr'><strong>pro</strong></span> 
     </span>
     <span class='ocr_line' id='line_1_25' title="bbox 273 1846 1784 1900; baseline -0.001 -10"><span class='ocrx_word' id='word_1_171' title='bbox 273 1847 410 1890; x_wconf 88' lang='lat' dir='ltr'><strong>amica</strong></span> <span class='ocrx_word' id='word_1_172' title='bbox 448 1847 616 1900; x_wconf 90' lang='lat' dir='ltr'><strong>perdite</strong></span> <span class='ocrx_word' id='word_1_173' title='bbox 647 1851 789 1889; x_wconf 88' lang='lat' dir='ltr'><strong>amata</strong></span> <span class='ocrx_word' id='word_1_174' title='bbox 830 1859 1022 1890; x_wconf 90' lang='lat' dir='ltr'><strong>sororem</strong></span> <span class='ocrx_word' id='word_1_175' title='bbox 1062 1860 1108 1890; x_wconf 90' lang='lat' dir='ltr'><strong>se</strong></span> <span class='ocrx_word' id='word_1_176' title='bbox 1143 1847 1352 1890; x_wconf 88' lang='lat' dir='ltr'><strong>liberasse</strong></span> <span class='ocrx_word' id='word_1_177' title='bbox 1391 1858 1475 1888; x_wconf 88' lang='lat' dir='ltr'><strong>non</strong></span> <span class='ocrx_word' id='word_1_178' title='bbox 1515 1846 1607 1888; x_wconf 89' lang='lat' dir='ltr'><strong>siue</strong></span> <span class='ocrx_word' id='word_1_179' title='bbox 1636 1846 1784 1888; x_wconf 85' lang='lat' dir='ltr'><strong>dolore</strong></span> 
     </span>
     <span class='ocr_line' id='line_1_26' title="bbox 272 1913 1783 1972; baseline 0 -13"><span class='ocrx_word' id='word_1_180' title='bbox 272 1916 480 1971; x_wconf 87' lang='lat' dir='ltr'><strong>comperit</strong></span> <span class='ocrx_word' id='word_1_181' title='bbox 499 1928 675 1971; x_wconf 87' lang='lat' dir='ltr'><strong>eamque</strong></span> <span class='ocrx_word' id='word_1_182' title='bbox 695 1920 890 1960; x_wconf 89' lang='lat' dir='ltr'><strong>curatum</strong></span> <span class='ocrx_word' id='word_1_183' title='bbox 910 1917 954 1960; x_wconf 90' lang='lat' dir='ltr'><strong>in</strong></span> <span class='ocrx_word' id='word_1_184' title='bbox 969 1916 1221 1972; x_wconf 89' lang='lat' dir='ltr'><strong>Periphanis</strong></span> <span class='ocrx_word' id='word_1_185' title='bbox 1242 1915 1371 1960; x_wconf 86' lang='lat' dir='ltr'><strong>aedes</strong></span> <span class='ocrx_word' id='word_1_186' title='bbox 1390 1913 1482 1959; x_wconf 91' lang='lat' dir='ltr'><strong>abit</strong></span> <span class='ocrx_word' id='word_1_187' title='bbox 1501 1914 1783 1971; x_wconf 91' lang='lat' dir='ltr'><strong>subsequente</strong></span> 
     </span>
     <span class='ocr_line' id='line_1_27' title="bbox 272 1983 1782 2044; baseline 0 -18"><span class='ocrx_word' id='word_1_188' title='bbox 272 1984 464 2038; x_wconf 86' lang='lat' dir='ltr'><strong>Epidico,</strong></span> <span class='ocrx_word' id='word_1_189' title='bbox 509 1985 582 2039; x_wconf 93' lang='lat' dir='ltr'><strong>qui</strong></span> <span class='ocrx_word' id='word_1_190' title='bbox 626 1984 799 2028; x_wconf 87' lang='lat' dir='ltr'><strong>fortuna</strong></span> <span class='ocrx_word' id='word_1_191' title='bbox 842 1986 984 2029; x_wconf 88' lang='lat' dir='ltr'><strong>subito</strong></span> <span class='ocrx_word' id='word_1_192' title='bbox 1028 1989 1193 2029; x_wconf 88' lang='lat' dir='ltr'><strong>mutata</strong></span> <span class='ocrx_word' id='word_1_193' title='bbox 1235 1985 1294 2044; x_wconf 88' lang='lat' dir='ltr'><strong>ad</strong></span> <span class='ocrx_word' id='word_1_194' title='bbox 1334 1984 1520 2039; x_wconf 90' lang='lat' dir='ltr'><strong>priorem</strong></span> <span class='ocrx_word' id='word_1_195' title='bbox 1564 1983 1782 2027; x_wconf 86' lang='lat' dir='ltr'><strong>audaciam</strong></span> 
     </span>
     <span class='ocr_line' id='line_1_28' title="bbox 272 2049 1721 2109; baseline 0.001 -14"><span class='ocrx_word' id='word_1_196' title='bbox 272 2053 470 2096; x_wconf 88' lang='lat' dir='ltr'><strong>celeriter</strong></span> <span class='ocrx_word' id='word_1_197' title='bbox 499 2066 545 2096; x_wconf 91' lang='lat' dir='ltr'><strong>se</strong></span> <span class='ocrx_word' id='word_1_198' title='bbox 574 2059 745 2097; x_wconf 89' lang='lat' dir='ltr'><strong>revocat</strong></span> <span class='ocrx_word' id='word_1_199' title='bbox 777 2067 984 2109; x_wconf 91' lang='lat' dir='ltr'><strong>senesque</strong></span> <span class='ocrx_word' id='word_1_200' title='bbox 1015 2055 1149 2098; x_wconf 91' lang='lat' dir='ltr'><strong>iratos</strong></span> <span class='ocrx_word' id='word_1_201' title='bbox 1180 2057 1428 2108; x_wconf 88' lang='lat' dir='ltr'><strong>exspectare</strong></span> <span class='ocrx_word' id='word_1_202' title='bbox 1457 2049 1649 2096; x_wconf 51' lang='lat' dir='ltr'><strong>statuit(</strong></span> <span class='ocrx_word' id='word_1_203' title='bbox 1718 2057 1721 2060; x_wconf 76' lang='grc'>’</span> 
     </span>
    </p>
   </div>
   <div class='ocr_carea' id='block_1_6' title="bbox 269 2143 1792 2822">
    <p class='ocr_par' dir='ltr' id='par_1_6' title="bbox 269 2143 1792 2822">
     <span class='ocr_line' id='line_1_29' title="bbox 329 2143 1792 2199; baseline -0.001 -12"><span class='ocrx_word' id='word_1_204' title='bbox 329 2145 380 2197; x_wconf 89' lang='lat' dir='ltr'><strong>V,</strong></span> <span class='ocrx_word' id='word_1_205' title='bbox 400 2148 423 2186; x_wconf 91' lang='lat'>2</span> <span class='ocrx_word' id='word_1_206' title='bbox 456 2146 512 2199; x_wconf 87' lang='lat' dir='ltr'><strong>(v.</strong></span> <span class='ocrx_word' id='word_1_207' title='bbox 531 2146 792 2199; x_wconf 86' lang='lat'>666-733).</span> <span class='ocrx_word' id='word_1_208' title='bbox 839 2146 1034 2190; x_wconf 89' lang='lat' dir='ltr'><strong>Redeunt</strong></span> <span class='ocrx_word' id='word_1_209' title='bbox 1053 2147 1178 2189; x_wconf 88' lang='lat' dir='ltr'><strong>irrita</strong></span> <span class='ocrx_word' id='word_1_210' title='bbox 1209 2144 1493 2199; x_wconf 86' lang='lat' dir='ltr'><strong>investigandi</strong></span> <span class='ocrx_word' id='word_1_211' title='bbox 1515 2156 1644 2198; x_wconf 91' lang='lat' dir='ltr'><strong>opera</strong></span> <span class='ocrx_word' id='word_1_212' title='bbox 1664 2143 1792 2194; x_wconf 7' lang='lat' dir='ltr'><strong>Peri-p</strong></span> 
     </span>
     <span class='ocr_line' id='line_1_30' title="bbox 271 2211 1783 2269; baseline -0.001 -14"><span class='ocrx_word' id='word_1_213' title='bbox 271 2213 433 2267; x_wconf 90' lang='lat' dir='ltr'><strong>phanes</strong></span> <span class='ocrx_word' id='word_1_214' title='bbox 474 2212 843 2257; x_wconf 88' lang='lat' dir='ltr'><strong>vehementissime</strong></span> <span class='ocrx_word' id='word_1_215' title='bbox 882 2215 1083 2269; x_wconf 89' lang='lat' dir='ltr'><strong>percitus,</strong></span> <span class='ocrx_word' id='word_1_216' title='bbox 1122 2214 1359 2269; x_wconf 87' lang='lat' dir='ltr'><strong>Apoecides</strong></span> <span class='ocrx_word' id='word_1_217' title='bbox 1398 2212 1504 2256; x_wconf 89' lang='lat' dir='ltr'><strong>adeo</strong></span> <span class='ocrx_word' id='word_1_218' title='bbox 1544 2211 1695 2266; x_wconf 87' lang='lat' dir='ltr'><strong>fessus,</strong></span> <span class='ocrx_word' id='word_1_219' title='bbox 1734 2216 1783 2254; x_wconf 91' lang='lat' dir='ltr'><strong>ut</strong></span> 
     </span>
     <span class='ocr_line' id='line_1_31' title="bbox 271 2275 1782 2336; baseline -0.001 -12"><span class='ocrx_word' id='word_1_220' title='bbox 271 2294 298 2324; x_wconf 90' lang='lat' dir='ltr'><strong>a</strong></span> <span class='ocrx_word' id='word_1_221' title='bbox 327 2294 451 2324; x_wconf 89' lang='lat' dir='ltr'><strong>servo</strong></span> <span class='ocrx_word' id='word_1_222' title='bbox 482 2294 611 2335; x_wconf 93' lang='lat' dir='ltr'><strong>porro</strong></span> <span class='ocrx_word' id='word_1_223' title='bbox 643 2283 883 2336; x_wconf 87' lang='lat' dir='ltr'><strong>quaerendo</strong></span> <span class='ocrx_word' id='word_1_224' title='bbox 914 2275 1156 2326; x_wconf 84' lang='lat' dir='ltr'><strong>abhorreat.</strong></span> <span class='ocrx_word' id='word_1_225' title='bbox 1216 2283 1327 2325; x_wconf 92' lang='lat' dir='ltr'><strong>Dum</strong></span> <span class='ocrx_word' id='word_1_226' title='bbox 1358 2281 1491 2335; x_wconf 85' lang='lat' dir='ltr'><strong>igitur</strong></span> <span class='ocrx_word' id='word_1_227' title='bbox 1530 2292 1652 2323; x_wconf 88' lang='lat' dir='ltr'><strong>senes</strong></span> <span class='ocrx_word' id='word_1_228' title='bbox 1683 2292 1782 2323; x_wconf 91' lang='lat' dir='ltr'><strong>con-</strong></span> 
     </span>
     <span class='ocr_line' id='line_1_32' title="bbox 271 2349 1783 2407; baseline -0.001 -14"><span class='ocrx_word' id='word_1_229' title='bbox 271 2351 357 2394; x_wconf 91' lang='lat' dir='ltr'><strong>silii</strong></span> <span class='ocrx_word' id='word_1_230' title='bbox 388 2354 585 2405; x_wconf 89' lang='lat' dir='ltr'><strong>expertes</strong></span> <span class='ocrx_word' id='word_1_231' title='bbox 616 2351 892 2406; x_wconf 86' lang='lat' dir='ltr'><strong>altercantur,</strong></span> <span class='ocrx_word' id='word_1_232' title='bbox 921 2352 1125 2407; x_wconf 88' lang='lat' dir='ltr'><strong>Epidicus</strong></span> <span class='ocrx_word' id='word_1_233' title='bbox 1154 2352 1268 2395; x_wconf 91' lang='lat' dir='ltr'><strong>filiae</strong></span> <span class='ocrx_word' id='word_1_234' title='bbox 1297 2352 1340 2394; x_wconf 93' lang='lat' dir='ltr'><strong>in</strong></span> <span class='ocrx_word' id='word_1_235' title='bbox 1366 2354 1558 2405; x_wconf 89' lang='lat' dir='ltr'><strong>tempore</strong></span> <span class='ocrx_word' id='word_1_236' title='bbox 1587 2349 1783 2393; x_wconf 86' lang='lat' dir='ltr'><strong>inventae</strong></span> 
     </span>
     <span class='ocr_line' id='line_1_33' title="bbox 272 2419 1782 2484; baseline 0 -22"><span class='ocrx_word' id='word_1_237' title='bbox 272 2419 456 2463; x_wconf 89' lang='lat' dir='ltr'><strong>confisus</strong></span> <span class='ocrx_word' id='word_1_238' title='bbox 497 2420 646 2474; x_wconf 90' lang='lat' dir='ltr'><strong>prodit</strong></span> <span class='ocrx_word' id='word_1_239' title='bbox 684 2424 729 2464; x_wconf 90' lang='lat' dir='ltr'><strong>et</strong></span> <span class='ocrx_word' id='word_1_240' title='bbox 768 2421 1108 2465; x_wconf 89' lang='lat' dir='ltr'><strong>innocentissimi</strong></span> <span class='ocrx_word' id='word_1_241' title='bbox 1146 2420 1331 2465; x_wconf 88' lang='lat' dir='ltr'><strong>hominis</strong></span> <span class='ocrx_word' id='word_1_242' title='bbox 1371 2419 1553 2484; x_wconf 36' lang='lat' dir='ltr'><strong>spec-iem</strong></span> <span class='ocrx_word' id='word_1_243' title='bbox 1592 2431 1698 2473; x_wconf 91' lang='lat' dir='ltr'><strong>prae</strong></span> <span class='ocrx_word' id='word_1_244' title='bbox 1734 2430 1782 2462; x_wconf 91' lang='lat' dir='ltr'><strong>se</strong></span> 
     </span>
     <span class='ocr_line' id='line_1_34' title="bbox 269 2486 1782 2543; baseline -0.001 -11"><span class='ocrx_word' id='word_1_245' title='bbox 269 2488 426 2543; x_wconf 88' lang='lat' dir='ltr'><strong>ferens,</strong></span> <span class='ocrx_word' id='word_1_246' title='bbox 457 2492 507 2532; x_wconf 92' lang='lat' dir='ltr'><strong>ut</strong></span> <span class='ocrx_word' id='word_1_247' title='bbox 535 2488 703 2532; x_wconf 86' lang='lat' dir='ltr'><strong>vinctus</strong></span> <span class='ocrx_word' id='word_1_248' title='bbox 733 2502 759 2532; x_wconf 89' lang='lat' dir='ltr'><strong>a</strong></span> <span class='ocrx_word' id='word_1_249' title='bbox 779 2488 952 2533; x_wconf 86' lang='lat' dir='ltr'><strong>senibus</strong></span> <span class='ocrx_word' id='word_1_250' title='bbox 972 2490 1185 2543; x_wconf 89' lang='lat' dir='ltr'><strong>audiatur,</strong></span> <span class='ocrx_word' id='word_1_251' title='bbox 1216 2488 1395 2543; x_wconf 88' lang='lat' dir='ltr'><strong>flagitat,</strong></span> <span class='ocrx_word' id='word_1_252' title='bbox 1426 2487 1497 2542; x_wconf 93' lang='lat' dir='ltr'><strong>qui</strong></span> <span class='ocrx_word' id='word_1_253' title='bbox 1517 2486 1671 2531; x_wconf 87' lang='lat' dir='ltr'><strong>fiducia</strong></span> <span class='ocrx_word' id='word_1_254' title='bbox 1689 2487 1782 2531; x_wconf 89' lang='lat' dir='ltr'><strong>eius</strong></span> 
     </span>
     <span class='ocr_line' id='line_1_35' title="bbox 271 2558 1778 2614; baseline -0.001 -13"><span class='ocrx_word' id='word_1_255' title='bbox 271 2558 556 2612; x_wconf 86' lang='lat' dir='ltr'><strong>obstupefacti</strong></span> <span class='ocrx_word' id='word_1_256' title='bbox 577 2558 722 2601; x_wconf 89' lang='lat' dir='ltr'><strong>dolum</strong></span> <span class='ocrx_word' id='word_1_257' title='bbox 743 2559 1015 2614; x_wconf 87' lang='lat' dir='ltr'><strong>suspicantur</strong></span> <span class='ocrx_word' id='word_1_258' title='bbox 1043 2564 1088 2603; x_wconf 91' lang='lat' dir='ltr'><strong>et</strong></span> <span class='ocrx_word' id='word_1_259' title='bbox 1107 2571 1235 2613; x_wconf 88' lang='lat' dir='ltr'><strong>aegre</strong></span> <span class='ocrx_word' id='word_1_260' title='bbox 1256 2558 1420 2613; x_wconf 87' lang='lat' dir='ltr'><strong>petenti</strong></span> <span class='ocrx_word' id='word_1_261' title='bbox 1431 2565 1599 2600; x_wconf 77' lang='lat' dir='ltr'><strong>&#39;morem</strong></span> <span class='ocrx_word' id='word_1_262' title='bbox 1613 2560 1778 2611; x_wconf 86' lang='lat' dir='ltr'><strong>gerunt.</strong></span> 
     </span>
     <span class='ocr_line' id='line_1_36' title="bbox 270 2626 1782 2683; baseline 0.001 -15"><span class='ocrx_word' id='word_1_263' title='bbox 270 2627 377 2669; x_wconf 88' lang='lat' dir='ltr'><strong>Tum</strong></span> <span class='ocrx_word' id='word_1_264' title='bbox 416 2640 519 2669; x_wconf 84' lang='lat' dir='ltr'><strong>vero</strong></span> <span class='ocrx_word' id='word_1_265' title='bbox 559 2639 710 2670; x_wconf 90' lang='lat' dir='ltr'><strong>servus</strong></span> <span class='ocrx_word' id='word_1_266' title='bbox 750 2627 904 2671; x_wconf 80' lang='lat' dir='ltr'><strong>festiva</strong></span> <span class='ocrx_word' id='word_1_267' title='bbox 933 2641 1026 2671; x_wconf 89' lang='lat' dir='ltr'><strong>cum</strong></span> <span class='ocrx_word' id='word_1_268' title='bbox 1057 2628 1298 2683; x_wconf 90' lang='lat' dir='ltr'><strong>petulantia</strong></span> <span class='ocrx_word' id='word_1_269' title='bbox 1327 2626 1547 2681; x_wconf 88' lang='lat' dir='ltr'><strong>quaerenti</strong></span> <span class='ocrx_word' id='word_1_270' title='bbox 1584 2626 1676 2669; x_wconf 90' lang='lat' dir='ltr'><strong>seni</strong></span> <span class='ocrx_word' id='word_1_271' title='bbox 1703 2626 1782 2670; x_wconf 85' lang='lat' dir='ltr'><strong>du-</strong></span> 
     </span>
     <span class='ocr_line' id='line_1_37' title="bbox 270 2694 1781 2755; baseline 0 -17"><span class='ocrx_word' id='word_1_272' title='bbox 270 2696 424 2750; x_wconf 86' lang='lat' dir='ltr'><strong>plicem</strong></span> <span class='ocrx_word' id='word_1_273' title='bbox 454 2696 647 2739; x_wconf 89' lang='lat' dir='ltr'><strong>fraudem</strong></span> <span class='ocrx_word' id='word_1_274' title='bbox 674 2697 767 2740; x_wconf 91' lang='lat' dir='ltr'><strong>sine</strong></span> <span class='ocrx_word' id='word_1_275' title='bbox 795 2697 990 2741; x_wconf 89' lang='lat' dir='ltr'><strong>anfractu</strong></span> <span class='ocrx_word' id='word_1_276' title='bbox 1017 2698 1238 2742; x_wconf 88' lang='lat' dir='ltr'><strong>confessus</strong></span> <span class='ocrx_word' id='word_1_277' title='bbox 1257 2696 1535 2741; x_wconf 87' lang='lat' dir='ltr'><strong>contumelias</strong></span> <span class='ocrx_word' id='word_1_278' title='bbox 1554 2694 1781 2755; x_wconf 80' lang='lat' dir='ltr'><strong>verborum</strong></span> 
     </span>
     <span class='ocr_line' id='line_1_38' title="bbox 272 2764 1779 2822; baseline -0.001 -14"><span class='ocrx_word' id='word_1_279' title='bbox 272 2764 379 2808; x_wconf 90' lang='lat' dir='ltr'><strong>adeo</strong></span> <span class='ocrx_word' id='word_1_280' title='bbox 420 2777 504 2808; x_wconf 93' lang='lat' dir='ltr'><strong>non</strong></span> <span class='ocrx_word' id='word_1_281' title='bbox 544 2765 721 2820; x_wconf 87' lang='lat' dir='ltr'><strong>perfert,</strong></span> <span class='ocrx_word' id='word_1_282' title='bbox 761 2770 810 2808; x_wconf 91' lang='lat' dir='ltr'><strong>ut</strong></span> <span class='ocrx_word' id='word_1_283' title='bbox 839 2778 877 2809; x_wconf 88' lang='lat' dir='ltr'><strong>v.</strong></span> <span class='ocrx_word' id='word_1_284' title='bbox 911 2771 991 2809; x_wconf 88' lang='lat'><strong>711</strong></span> <span class='ocrx_word' id='word_1_285' title='bbox 1025 2779 1115 2822; x_wconf 86' lang='lat' dir='ltr'><strong>sqq.</strong></span> <span class='ocrx_word' id='word_1_286' title='bbox 1158 2770 1308 2822; x_wconf 88' lang='lat' dir='ltr'><strong>aperte</strong></span> <span class='ocrx_word' id='word_1_287' title='bbox 1344 2764 1587 2809; x_wconf 90' lang='lat' dir='ltr'><strong>libertatem</strong></span> <span class='ocrx_word' id='word_1_288' title='bbox 1616 2767 1779 2819; x_wconf 84' lang='lat' dir='ltr'><strong>poscat,</strong></span> 
     </span>
    </p>
   </div>
  </div>
 </body>
</html>
