2052 3172
1009 128 1061 169 25

281 262 589 306 versiculorum
620 261 939 306 similitudinem
969 262 1057 317 (50,
1077 265 1144 315 56,
1164 261 1235 315 57)
1265 261 1581 316 reprehendens
1615 264 1659 304 et
1683 261 1790 303 The-

284 331 469 386 sprionis
484 343 736 386 responsum
752 334 851 385 post
865 344 902 374 v.
918 335 972 375 50
993 331 1263 375 desiderans:
1286 331 1432 374 eadem
1453 331 1608 374 iterum
1630 329 1791 373 eisdem

283 399 372 443 fere
406 399 548 444 verbis
587 400 854 455 pronuntiari
899 413 1021 444 nemo
1052 399 1244 456 negabit;
1295 400 1371 443 sed
1415 400 1544 444 liceat
1579 398 1789 451 dubitare,

282 481 420 512 nonne
449 482 500 512 ex
526 470 621 512 aliis
652 470 791 512 causis
821 482 946 523 quam
977 469 1280 512 retractatione
1309 470 1483 512 iteratio
1513 470 1587 511 illa
1614 481 1790 521 respon-

288 537 408 592 sique
439 537 629 581 defectus
659 537 921 592 profluxerit.
982 539 1111 590 Quasi
1141 537 1233 582 fieri
1269 551 1351 581 non
1381 538 1520 593 possit
1557 541 1601 581 et
1630 549 1713 580 non
1743 548 1791 580 re

282 618 383 648 vera
421 607 670 660 saepissime
706 607 798 659 fiat,
845 611 894 649 ut
922 608 1076 661 aliquis
1116 611 1289 660 stupore
1326 608 1392 649 vel
1428 611 1595 649 terrore
1630 606 1697 648 vel
1727 606 1789 647 in-

285 673 530 728 dignatione
573 675 636 718 ve]
684 675 766 718 alio
806 675 956 729 quovis
1000 675 1128 718 animi
1175 678 1294 717 motu
1332 675 1553 729 perculsus
1597 674 1788 728 rogantis

283 741 413 784 verba
455 744 684 796 neglegens
730 744 773 785 in
818 756 867 785 ea
912 744 1121 796 inquirat,
1173 755 1281 796 quae
1325 743 1498 784 sibimet
1534 743 1625 797 ipsi
1669 742 1788 784 cordi

281 812 391 863 sunt,
433 810 637 865 quasique
664 823 748 854 non
777 810 992 854 hominum
1012 814 1189 854 naturae
1219 811 1442 854 conveniat
1463 823 1588 864 quam
1608 810 1788 853 maxime

281 877 324 920 in
366 879 573 922 eiusmodi
614 879 1004 933 perturbationibus
1041 881 1170 922 animi
1211 880 1371 922 eisdem
1411 878 1788 922 exclamationibus

282 946 437 990 iterum
467 951 595 1001 atque
625 948 780 991 iterum
811 960 935 991 sensa
966 948 1218 1002 exprimere,
1269 948 1496 1002 praecipue
1526 948 1560 990 si
1594 960 1788 990 sermone

282 1016 489 1068 producto
539 1017 674 1070 magis
725 1017 902 1058 eminuit
950 1021 1079 1070 atque
1128 1017 1327 1070 apparuit
1374 1017 1570 1070 querelae
1619 1028 1789 1058 causam

283 1084 548 1128 verissimam
600 1086 720 1129 esse!
787 1085 844 1128 Et
890 1085 970 1128 hoc
1016 1090 1059 1128 et
1103 1086 1208 1128 illud
1253 1085 1296 1127 in
1341 1085 1462 1138 Epid.
1506 1096 1615 1127 vers.
1660 1084 1785 1126 valet.

280 1153 509 1207 Postquam
554 1155 665 1196 enim
695 1154 896 1207 Epidicus
936 1155 1020 1196 iam
1066 1167 1116 1197 ex
1147 1154 1422 1207 Thesprionis
1467 1153 1788 1195 narratiuncula

281 1234 317 1264 v.
335 1225 390 1264 43
408 1234 497 1276 sqq.
521 1222 709 1276 pericula
730 1221 811 1265 sibi
833 1235 883 1265 ex
900 1222 1198 1277 Stratippoclis
1220 1222 1506 1265 inconstantia
1525 1221 1788 1264 imminentia

278 1291 558 1343 praesagivit,
601 1291 713 1344 quod
750 1291 1050 1334 exclamatione
1087 1292 1160 1334 illa
1188 1305 1227 1334 v.
1247 1295 1301 1333 50
1340 1291 1443 1343 ‚Vae
1471 1291 1628 1332 misero
1658 1290 1785 1333 mihi:

282 1358 390 1401 male
421 1359 609 1413 perdidit
638 1361 737 1402 me!‘
769 1359 874 1402 satis
894 1359 1118 1414 indicatur,
1149 1360 1251 1414 quid
1272 1360 1437 1411 mirum,
1470 1359 1506 1402 si
1532 1359 1656 1412 plura
1675 1370 1787 1401 com-

279 1427 419 1480 perire
459 1427 647 1481 gestiens
688 1427 742 1470 ad
783 1428 975 1471 conservi
1016 1428 1395 1483 interrogationem
1441 1427 1567 1481 ,Quid
1608 1427 1673 1469 ais
1708 1430 1786 1468 tu?

281 1496 391 1548 Quid
408 1498 512 1539 estP‘
545 1497 729 1550 ,WiesoP
759 1497 861 1540 Was
877 1497 971 1540 ist's
993 1498 1146 1540 denn?‘
1178 1498 1354 1553 (Goetzi
1368 1497 1479 1540 enim
1496 1495 1788 1539 emendatione

280 1569 451 1619 recepta
466 1565 652 1620 priorem
668 1578 835 1621 quoque
849 1570 1015 1621 partem
1031 1579 1123 1610 cum
1140 1567 1261 1610 libris
1272 1565 1525 1621 Thesprioni
1540 1564 1787 1618 tribuimus)

279 1635 572 1687 respondendo
604 1639 703 1677 tunc
733 1648 898 1689 quoque
929 1637 1178 1689 supersedet
1217 1640 1260 1678 et
1288 1637 1401 1678 illico
1439 1635 1624 1688 pretium
1653 1646 1788 1676 novae

279 1702 444 1757 puellae
474 1706 598 1757 rogat
629 1703 763 1758 (,Was
793 1704 888 1746 ist's
920 1704 1029 1747 denn
1060 1704 1264 1747 vielmehr
1293 1705 1371 1746 mit
1401 1704 1490 1755 der,
1529 1703 1598 1746 die
1629 1703 1685 1745 du
1716 1715 1788 1756 ge-

279 1769 401 1812 kauft
420 1771 604 1824 hast‘?‘)?
635 1772 727 1814 Hoc
757 1773 867 1815 enim
894 1773 933 1814 ei
952 1773 1221 1825 potissimum
1241 1776 1320 1825 est,
1352 1772 1549 1827 quoniam
1571 1782 1623 1813 ex
1642 1771 1788 1824 priore

278 1839 488 1892 emptione
524 1839 608 1882 iam
639 1840 744 1899 satis
785 1841 876 1883 heri
917 1839 1207 1883 difficultatem
1252 1840 1535 1883 numerariam
1576 1840 1789 1893 cognitam

280 1906 412 1949 habet
441 1920 577 1960 neque
607 1909 777 1962 ignorat
807 1910 924 1951 illum
955 1910 997 1951 in
1028 1909 1236 1961 angustiis
1258 1908 1519 1962 quibuslibet
1547 1908 1703 1951 futuris
1733 1906 1788 1949 ab

278 1976 371 2029 ipso
411 1977 612 2018 auxilium
655 1977 945 2031 secundosque
985 1989 1128 2020 rerum
1168 1980 1401 2030 proventus
1443 1980 1788 2031 exspectaturum

279 2056 385 2087 esse.
447 2045 563 2095 Quae
602 2058 704 2088 vero
744 2045 822 2088 hac
863 2046 914 2088 de
943 2058 992 2088 re
1034 2046 1262 2100 comperit,
1308 2049 1397 2088 tam
1428 2046 1572 2088 tristia
1609 2058 1659 2088 ea
1689 2049 1789 2087 sunt

279 2116 406 2166 atque
423 2113 611 2168 lubrica,
642 2119 691 2156 ut
720 2115 858 2157 animo
888 2114 1024 2157 fracto
1056 2115 1282 2158 exclamet:
1322 2115 1409 2166 ,lhr
1438 2114 1785 2157 Unsterblichen!

278 2181 373 2224 Wie
393 2182 500 2225 doch
530 2181 603 2224 bin
632 2183 700 2225 ich
730 2183 865 2225 einem
888 2183 1027 2236 Konig
1057 2183 1194 2237 gleich
1221 2183 1445 2236 gesturztl‘
1476 2186 1521 2225 et
1535 2182 1788 2236 Thesprioni

280 2251 332 2292 ob
363 2251 426 2293 rei
457 2251 761 2293 obscuritatem
792 2251 928 2294 denuo
958 2252 1147 2304 roganti:
1180 2252 1295 2303 ‚Was
1324 2251 1424 2293 hast
1452 2251 1509 2293 du
1540 2251 1650 2293 denn
1680 2252 1787 2293 nur?

280 2318 394 2361 Oder
423 2319 578 2372 sprich‚
609 2331 696 2362 was
715 2320 773 2362 ist
799 2320 907 2362 denn
927 2320 1151 2373 geschehn‚
1182 2320 1428 2373 Epidicus?‘
1459 2319 1605 2361 dolore
1634 2318 1788 2361 ardens

278 2387 395 2429 illam
423 2400 569 2430 vocem
597 2388 747 2430 iterat:
777 2387 910 2440 ,Weh’
941 2388 1035 2442 mir,
1067 2401 1114 2431 er
1133 2388 1207 2430 hat
1227 2388 1337 2430 mich
1357 2387 1666 2442 umgebracht!‘
1696 2386 1788 2428 Iam

279 2469 363 2499 non
399 2457 570 2510 gravari
606 2469 701 2499 eum
739 2460 940 2510 putamus
976 2460 1119 2500 cetera
1162 2469 1363 2500 enarrare
1393 2455 1506 2511 (,Th.
1541 2456 1667 2499 Wer‘?
1698 2455 1783 2510 E'p.

280 2524 352 2577 Er,
384 2524 460 2567 der
479 2525 569 2579 sich
589 2538 660 2567 um
681 2525 749 2568 die
759 2524 923 2567 Waffen
938 2525 1206 2579 gebrachtl‘),
1237 2537 1365 2578 quum
1386 2523 1528 2567 subito
1550 2536 1788 2567 sermonem

281 2593 534 2648 abrumpere
573 2594 612 2637 ei
649 2594 784 2637 satius
821 2594 1011 2648 videtur,
1057 2607 1140 2648 qua
1176 2593 1228 2636 de
1264 2606 1311 2636 re
1341 2593 1391 2637 cf.
1412 2606 1520 2648 quae
1557 2605 1687 2648 supra
1718 2606 1787 2636 ex-

281 2676 526 2776 Ροευῖῃέῖ.
545 2731 817 2789 153—156,
849 2744 954 2786 quos
992 2731 1195 2774 Goetzius
1224 2732 1267 2774 in
1297 2731 1419 2786 Epid.
1452 2731 1583 2786 praef.
1615 2745 1656 2786 p.
1674 2731 1785 2774 XXI.
