2052 3172
1044 88 1100 130 30

315 224 487 278 impune
505 219 843 276 neglegebantur
862 221 932 277 (cf.
946 222 1147 267 Bas-son.
1172 225 1356 279 ,Selecta
1374 239 1427 272 ex
1441 227 1535 272 iure
1550 228 1662 272 civit.
1681 228 1826 284 antiq.‘

315 304 411 335 cum
434 289 616 333 stekelli
633 293 775 334 annot.
805 302 902 345 pag.
925 291 983 346 6),
1014 295 1157 336 tamen
1176 306 1313 349 nemo,
1344 295 1417 350 qui
1435 297 1676 341 meminerit
1696 299 1827 343 vesti-

314 364 554 404 mentorum
581 359 819 413 varietatis‚
851 372 960 415 quae
989 361 1102 405 inter
1122 362 1237 406 cives
1267 367 1311 407 et
1329 358 1592 420 peregrinos,
1622 367 1826 421 patricios

313 433 358 472 et
385 429 588 483 plebeios,
619 427 780 472 liberos
810 433 855 472 et
884 441 1031 473 servos
1061 430 1367 486 libertinosque
1397 432 1451 476 ab
1481 434 1604 480 initio
1625 435 1715 479 fere
1743 436 1826 479 rei-

311 497 508 552 publicae
529 497 677 551 valuit,
709 497 791 541 sibi
811 510 895 541 non
914 499 1180 552 persuaserit
1199 499 1394 544 victimas
1423 500 1617 556 publicae
1636 503 1825 548 libidinis

310 592 370 598 —-
403 571 453 610 ut
491 567 554 610 ait
582 567 872 616 Tertullianus
912 591 970 597 -
1009 580 1093 610 una
1118 564 1232 610 ¹cum
1276 569 1415 613 servis
1458 571 1542 615 iam
1586 573 1824 628 antiquitus
1899 604 1904 608 .

311 636 442 680 certis
472 635 646 692 habitus
676 633 826 680 formis
857 648 883 679 a
911 635 1120 680 matronis
1150 648 1197 681 se
1227 637 1491 693 distinxisse,
1521 640 1648 686 immo
1678 642 1824 697 priore

309 709 502 760 tempore
531 705 769 749 matronale
797 705 927 748 decus
958 704 1069 760 (Val.
1102 705 1212 748 Max.
1244 706 1304 750 VI
1334 720 1368 759 c,
1399 712 1432 760 Ι,
1479 708 1719 754 Santinelli
1746 712 1822 766 ,De

310 775 475 830 discipl.
508 778 553 818 et
581 787 687 818 mor.
720 774 816 818 fem.
848 774 966 817 Rom.
1006 787 1046 828 p.
1074 775 1172 829 116)
1207 775 1342 822 multo
1375 778 1565 828 severius
1600 791 1696 823 csso
1731 792 1821 823 ser-

309 848 455 888 vatum
484 857 611 899 quam
640 846 792 898 postea
820 842 900 886 hoc
929 841 1088 886 factum
1118 855 1215 887 esse
1246 844 1511 904 videmus.⁸⁰)

427 914 574 956 Altera
601 925 654 955 ex
682 915 804 965 parte
834 911 888 953 ad
908 911 1265 964 simplicissimam
1295 917 1412 957 certo
1433 916 1670 959 varietatis
1686 918 1818 959 ratio-

308 994 405 1024 nem
433 979 738 1024 recurrendum
768 978 864 1032 erit,
896 991 980 1033 qua
1008 992 1103 1021 una
1133 979 1285 1023 tunica
1315 982 1733 1036 (‚Unterziehhcmd‘,
1771 988 1820 1027 ut

307 1051 369 1092 ait
406 1049 616 1091 Weissius
645 1049 688 1091 in
718 1047 1070 1101 ,Kostiimkunde‘
1100 1048 1144 1090 II
1180 1062 1221 1102 p.
1245 1051 1346 1104 969)
1388 1053 1595 1094 matronis
1625 1054 1818 1095 meretri·

306 1117 511 1173 cibusque
550 1116 792 1168 communis,
831 1115 926 1158 illis
965 1116 1103 1158 altera
1143 1117 1294 1160 tunica
1335 1119 1522 1163 exterior
1569 1120 1634 1164 vel
1674 1121 1817 1175 potius

305 1189 418 1232 stola
447 1185 848 1244 (,Oberziehhemd‘)
879 1197 974 1228 cum
994 1186 1144 1228 instita
1170 1190 1215 1230 et
1243 1187 1368 1242 palla,
1400 1201 1529 1242 quum
1549 1188 1653 1234 foris
1673 1203 1816 1233 versa-

303 1258 473 1309 bantur,
518 1260 594 1299 aut
621 1255 737 1309 palla
766 1254 982 1297 succincta
1019 1266 1099 1307 pro
1141 1255 1252 1298 stola
1295 1253 1365 1309 (cf.
1397 1256 1576 1303 Beckeri
1612 1257 1722 1301 Gall.
1753 1259 1815 1302 ΙΙΙ

303 1339 399 1380 pag.
437 1329 515 1377 1477
548 1324 672 1378 sqq.)‚
703 1323 773 1365 his
811 1326 907 1377 toqa
936 1323 1214 1377 (meretricia)
1242 1325 1418 1378 propria
1447 1329 1560 1377 erat3
1597 1329 1642 1369 et
1670 1339 1815 1380 quam-

304 1407 431 1450 quam
474 1405 558 1436 non
606 1403 809 1446 negamus
853 1390 1093 1434 tunicarum
1146 1391 1432 1448 (interiorum)
1476 1405 1708 1436 numerum.
1731 1395 1815 1437 iam

302 1463 445 1507 Plauti
475 1475 578 1506 aevo
616 1460 822 1515 duplicari
866 1463 941 1502 aut
979 1460 1086 1503 adeo
1122 1460 1396 1516 multiplicari
1432 1463 1636 1517 coepisse,
1672 1467 1813 1508 tamen
1891 1513 1900 1521 ,

305 1533 409 1588 quin
444 1531 651 1575 matronis
691 1534 818 1584 atque
853 1530 1152 1573 meretricibus
1192 1530 1271 1578 hac
1312 1531 1354 1578 in
1397 1544 1443 1574 re
1483 1532 1595 1575 idem
1630 1533 1812 1586 licuerit,

304 1600 481 1645 dubium
509 1612 593 1643 non
623 1598 827 1641 videmus.
870 1598 1053 1642 Proinde
1082 1599 1119 1642 si
1149 1602 1342 1644 tenemus
1372 1600 1445 1643 illo
1473 1603 1663 1654 tempore
1684 1602 1812 1645 vesti-

302 1674 446 1713 menta
475 1669 667 1724 quamvis
697 1667 838 1710 colore
868 1667 1128 1722 materieque
1157 1668 1289 1710 moris
1320 1668 1600 1712 vicissitudini
1632 1669 1813 1713 obnoxia

301 1738 440 1782 forma
468 1737 640 1793 quidem
669 1736 884 1780 tralaticia
922 1734 1003 1780 sibi
1034 1736 1279 1780 constitisse
1316 1737 1552 1792 nequedum
1580 1738 1810 1793 inusitatis,

300 1820 409 1862 quae
439 1808 649 1859 feruntur,
681 1805 814 1848 vestis
844 1805 1073 1858 generibus
1105 1805 1326 1858 seriusque
1345 1805 1538 1863 priorum
1568 1805 1811 1850 confusione

300 1877 459 1920 coortis
490 1878 565 1919 aut
592 1874 854 1917 extrinsecus
884 1873 1080 1926 repetitis
1111 1873 1246 1928 (velut
1276 1873 1479 1928 synthesi,
1511 1874 1669 1926 laeena,
1701 1875 1809 1928 lena,

300 1944 483 1999 braccis)
515 1943 742 1987 commixta
760 1941 894 1985 fuisse
907 1956 916 1985 :
929 1942 982 1995 ³¹)
1013 1955 1104 1984 non
1123 1941 1215 1984 alia
1234 1941 1453 1986 nimirum
1473 1942 1657 1985 nomina
1677 1956 1809 1998 quam

298 2014 456 2056 stolam
485 2016 526 2054 et
547 2012 721 2067 pallam
753 2011 1049 2053 meretricibus
1085 2024 1177 2052 non
1205 2024 1425 2053 concessas
1460 2014 1610 2053 notare
1638 2012 1812 2054 debebat

293 2085 434 2139 poeta,
464 2081 545 2141 qui
571 2081 685 2123 clare
704 2083 929 2124 matronas
957 2079 1079 2135 ipsas
1096 2079 1388 2134 eastiyaturus
1418 2083 1523 2132 erat,
1554 2081 1810 2134 praesertim

298 2163 429 2206 quum
458 2150 612 2192 haecce
641 2149 896 2199 vestimenta
924 2160 1028 2202 prae
1059 2148 1213 2191 ceteris
1252 2148 1444 2194 luxuriae
1484 2149 1667 2202 speciem
1705 2162 1809 2203 prae

298 2232 347 2263 se
375 2219 529 2262 tulisse
559 2217 604 2260 in
633 2217 861 2272 propatulo
897 2217 957 2267 sit
992 2230 1128 2272 neque
1158 2217 1339 2261 inveniri
1377 2217 1529 2272 possit,
1566 2229 1648 2272 quo
1684 2217 1808 2260 modo

297 2291 544 2344 spectantes
573 2286 812 2341 argumenti
852 2290 1051 2337 contextu
1089 2289 1134 2329 et
1164 2286 1300 2338 ,istae‘
1343 2284 1548 2329 vocabulo
1578 2299 1616 2330 v.
1640 2289 1722 2330 229
1754 2287 1808 2330 ad

295 2357 545 2402 meretrices
585 2355 771 2410 delegati
813 2355 866 2400 de
894 2355 1101 2405 matronis
1142 2346 1388 2410 cogitarint,
1430 2366 1539 2409 quae
1568 2355 1694 2398 aliter
1723 2368 1806 2399 non

294 2440 379 2470 uno
408 2424 540 2469 verbo
570 2428 815 2479 tangantur.
861 2424 973 2475 Quid
1002 2424 1130 2468 vcro?
1174 2423 1387 2466 Quinam
1416 2423 1578 2475 rallam,
1611 2423 1807 2465 tunicam

294 2496 478 2551 spissam
517 2497 597 2537 etc.
666 2492 925 2547 Periphanes
963 2491 1139 2547 profert,
1186 2504 1295 2547 quae
1341 2504 1368 2535 a
1407 2491 1524 2535 cultu
1565 2491 1807 2536 meretricio

294 2565 400 2608 adeo
435 2575 521 2606 non
560 2561 806 2616 abhorrent,
847 2566 896 2607 ut
934 2562 1008 2606 illo
1047 2562 1141 2606 loco
1179 2564 1350 2616 poetam
1381 2573 1404 2604 e
1433 2560 1601 2604 fabulae
1640 2560 1807 2603 ratione

292 2631 590 2677 meretriculas
619 2635 794 2676 notasse
822 2631 893 2679 vix
923 2631 1015 2675 iure
1045 2631 1140 2686 quis
1170 2631 1370 2687 negetffl)
1429 2633 1487 2674 At
1524 2629 1804 2685 patagiataml

292 2704 437 2745 monet
474 2699 728 2755 Waynerus,
770 2703 814 2743 et
852 2700 935 2754 ipsi
973 2700 1191 2754 miramur,
1240 2699 1354 2754 quod
1393 2711 1477 2742 non
1521 2698 1804 2753 ‚indusiatam‘
