2052 3172
969 158 1023 205 36

241 308 371 356 quum
401 310 425 344 e
453 310 582 343 versu
612 301 696 342 224
731 295 865 344 fluere
899 300 1042 355 potuit
1073 303 1166 344 tum
1195 297 1250 342 ob
1286 295 1553 353 insequentia
1580 294 1750 343 nomina

240 370 347 414 satis
376 379 692 423 supervacanea
721 367 805 423 est)
835 368 1062 412 scribimus
1092 370 1186 411 aut:

297 437 409 489 Quid
438 437 551 480 enim
579 436 701 494 istae,
732 436 842 490 quae
861 437 1094 491 quotannis
1119 437 1290 480 nomina
1309 429 1531 479 inveniunt
1559 439 1690 481 nova!

240 509 314 550 aut
342 506 685 561 interpunctione
713 508 897 549 mutata:

296 575 410 627 Quid
438 574 550 618 enim
579 574 716 617 istae?
774 574 892 625 Quae
921 574 1150 628 quotannis
1180 574 1350 617 nomina
1378 574 1598 617 inveniunt
1618 575 1747 617 nova!

240 644 316 698 ita,
346 646 397 687 ιιι
425 646 553 697 poeta
580 642 648 685 his
678 640 877 685 versibus
913 642 1250 686 adulescentium
1286 641 1597 686 cavillationem
1625 641 1750 685 modo

236 711 395 755 factam
423 710 546 765 quasi
575 709 738 753 firmet:
769 710 893 753 Denn
912 734 970 741 —
989 722 1111 753 wenn
1136 710 1307 764 jemand
1336 711 1503 754 meinen
1521 711 1653 754 Tadel
1682 711 1752 754 fiir

238 780 474 834 ungerecht
501 779 634 823 hielte
668 803 718 810 —
749 778 928 823 beweist
955 779 1075 823 nicht
1103 779 1182 823 das
1202 779 1385 824 Treiben
1405 780 1544 824 dieses
1559 779 1751 823 Weiber-

238 849 388 893 volkes
418 860 654 903 genugsam
683 848 762 892 das
791 848 1007 903 Gesagte?
1053 848 1319 903 -Alljahrlich
1348 851 1458 892 neue
1485 848 1663 892 Moden!

354 918 489 970 Quem
518 917 828 960 sententiarum
848 917 1041 960 ordinem
1071 918 1109 960 si
1139 921 1343 970 tenemus,
1374 930 1428 961 ne
1448 917 1630 961 variatio
1660 918 1751 972 qui-

238 987 336 1031 dem
363 986 438 1029 illa
466 986 535 1030 vel
564 985 764 1039 repetitio
795 997 833 1027 v.
857 988 941 1028 224
971 989 1016 1028 et
1046 988 1128 1028 229
1163 985 1372 1041 Waynero
1402 989 1613 1040 suspecta,
1643 999 1752 1041 quae

238 1055 282 1097 in
311 1055 479 1109 Epidici
518 1066 594 1097 ore
633 1054 703 1097 vix
743 1054 979 1096 tolerabilis
1020 1057 1098 1107 est,
1139 1066 1165 1096 a
1202 1054 1441 1108 Periphane
1479 1054 1752 1097 offensionem

237 1121 369 1167 habet
399 1122 542 1176 ullam,
574 1134 704 1177 quum
733 1121 795 1165 ita
815 1134 842 1165 a
860 1122 1003 1165 Plauti
1033 1134 1228 1166 sermone
1252 1123 1497 1178 neutiquam
1512 1123 1584 1166 ‘sit
1612 1122 1752 1166 aliena

239 1191 309 1247 (cf.
340 1204 381 1234 v.
404 1194 486 1235 237
509 1191 731 1245 occepisti
766 1215 825 1221 ——
860 1191 1092 1245 occepere).
1154 1191 1199 1234 Si
1236 1204 1367 1245 porro
1396 1204 1497 1235 mss,
1535 1190 1750 1235 codicibus

241 1260 374 1304 innixi
404 1272 443 1303 v.
467 1262 551 1303 234
589 1259 725 1313 ‚Qui‘ss‘
762 1258 954 1313 Epidico,
993 1260 1173 1312 ,Vocant
1207 1260 1475 1304 Laconicum‘
1511 1273 1600 1315 sqq.
1631 1260 1750 1303 Peri-

238 1328 369 1383 phani
409 1328 559 1372 damus
601 1327 825 1383 (BJFZE,
868 1328 956 1371 sed.
988 1327 1024 1370 E
1054 1340 1093 1371 v.
1118 1332 1200 1371 235
1239 1328 1318 1383 Ep.
1360 1329 1596 1383 praemisso
1633 1328 1748 1382 Ga),

239 1409 366 1452 quem
407 1396 617 1451 imprimis
657 1409 694 1440 v.
718 1399 800 1440 235
847 1396 981 1440 multo
1027 1397 1165 1451 magis
1213 1396 1364 1441 decere
1408 1410 1535 1452 quam
1582 1409 1750 1441 servum

237 1466 393 1508 mirum
420 1466 465 1508 in
484 1465 657 1508 modum
675 1465 995 1508 literatissimos
1015 1466 1131 1508 viros
1151 1465 1315 1519 fefellit,
1345 1478 1626 1520 personarum
1645 1466 1749 1509 ordo

238 1538 495 1588 persanatus
514 1534 847 1589 videatur.⁸³)—
870 1534 939 1586 At,
958 1533 1073 1577 dicat
1092 1534 1260 1589 aliquis,
1278 1547 1361 1589 quo
1375 1535 1500 1578 modo
1520 1535 1748 1589 probemus

238 1603 522 1657 Periphanem
559 1606 779 1658 tamquam
816 1615 963 1645 morae
1008 1603 1301 1657 impatientem
1340 1616 1377 1646 v.
1401 1604 1484 1647 236
1525 1603 1749 1658 Epidicum

238 1672 507 1726 interrogare
538 1672 663 1724 ,Quin
693 1676 742 1715 tu
770 1675 820 1714 ut
839 1672 1042 1725 occepisti
1060 1672 1275 1726 loquere‘P‘
1307 1685 1437 1727 quum
1456 1673 1548 1726 ipse
1568 1672 1750 1716 verbosa

238 1751 317 1783 sua
354 1740 625 1783 cavillatione
660 1739 916 1794 impedierit,
954 1739 1180 1793 quominus
1218 1740 1290 1782 ille
1328 1740 1616 1783 narrationem
1633 1746 1749 1783 'con—

237 1809 456 1852 tinuaret‘?
499 1808 627 1851 Haud
656 1808 745 1851 scio
773 1821 829 1851 an
857 1808 998 1862 ipsum
1027 1808 1128 1850 ostii
1157 1808 1285 1851 limen
1314 1812 1539 1863 tangamus
1569 1822 1660 1852 rem
1688 1809 1750 1851 ita

238 1878 588 1932 interpretantes,
625 1880 675 1920 ut
703 1889 788 1920 non
824 1880 913 1920 tam
944 1889 995 1920 ex
1025 1877 1272 1920 narratione
1287 1916 1290 1919 ,
1308 1877 1441 1921 dilata
1475 1878 1602 1932 quam
1630 1877 1749 1920 femi-

236 1959 390 1990 narum
418 1945 626 1989 effrenata
654 1946 821 1989 luxurie
853 1946 1029 2000 eiusque
1065 1946 1183 1989 vitiis
1220 1945 1274 1989 ab
1304 1946 1397 2001 ipso
1433 1946 1558 1990 modo
1589 1946 1749 1990 notatis

236 2015 499 2070 Periphanes
529 2015 795 2058 stomachum
832 2015 1013 2068 ceperit,
1055 2028 1180 2069 quem
1217 2018 1316 2069 post
1353 2015 1549 2069 exiguam
1587 2027 1750 2058 moram

237 2083 460 2139 (,logische
479 2083 651 2137 Pause‘)
682 2082 885 2136 erumpit.
918 2083 1108 2134 ,Warum
1138 2083 1246 2126 doch
1274 2082 1413 2126 fahrst
1441 2083 1502 2125 du
1532 2083 1575 2125 in
1603 2083 1751 2126 deiner

237 2151 485 2207 Erzahlung
512 2151 632 2195 nicht
660 2150 786 2194 fort?‘
817 2150 844 2193 i.
877 2163 912 2193 e.
961 2151 1099 2205 ,Mach
1138 2151 1199 2193 du
1235 2152 1346 2229 Jetzt
1384 2151 1532 2195 weiter
1565 2151 1652 2194 und
1683 2163 1748 2194 er-

237 2220 360 2274 zahl’‚
391 2232 479 2262 was
508 2219 657 2262 furder
685 2221 810 2262 warl‘
821 2220 875 2276 ⁸⁶)

352 2300 501 2344 Liceat
528 2299 708 2354 proinde
743 2303 882 2343 totum
919 2300 1060 2343 locum
1100 2300 1267 2344 ratione
1306 2304 1455 2344 nostra
1494 2301 1749 2355 dispositum

238 2369 503 2414 adscribere:

238 2463 337 2506 Per.
374 2461 490 2539 'Quid
510 2465 605 2506 erat
624 2454 800 2507 induta?
830 2461 884 2506 an
904 2462 1099 2517 regillam
1114 2462 1355 2507 induculam
1370 2475 1424 2506 an
1441 2462 1749 2519 mendiculam?

238 2542 325 2598 Ep.
372 2542 669 2618 inpluviatam,
700 2545 749 2584 ut
778 2543 889 2585 istae
917 2541 1079 2585 faciunt
1111 2543 1376 2586 vestimentis
1405 2543 1585 2585 nomina.

238 2622 337 2665 Per.
370 2622 432 2665 Ut
460 2622 696 2676 inpluvium
725 2621 875 2665 induta
902 2621 1046 2676 fuerit,
1078 2622 1181 2677 quid
1216 2623 1326 2667 istuc
1366 2626 1456 2666 tam
1484 2622 1748 2667 mirabilest‘?

376 2689 508 2768 Quasi
537 2703 622 2734 non
651 2690 796 2738 fundis
836 2691 1067 2734 exornatae
1095 2691 1256 2736 multae
1296 2691 1493 2734 incedant
1530 2691 1610 2745 per
1636 2692 1745 2734 vias!

375 2772 433 2814 At
462 2770 654 2816 tributus
686 2785 814 2827 quom
844 2773 1064 2826 inperatus
1095 2772 1174 2825 est,
1206 2778 1366 2828 negant
1393 2772 1521 2829 pendi
1549 2772 1674 2827 potis.
