2052 3172
984 114 1039 154 50

251 244 407 299 fabulis
427 249 536 299 orta,
568 249 618 290 ut
637 245 979 291 reflorescentem
999 249 1092 293 V11.
1126 250 1283 293 saeculi
1313 263 1351 293 a.
1373 263 1414 293 u.
1438 263 1472 294 c.
1506 251 1765 297 comoediam

253 316 432 369 redolet,
476 315 539 358 ita
580 315 708 359 unius
747 316 986 370 pluriumve
1026 321 1360 362 ratractatorum
1399 316 1594 364 consulto
1633 321 1765 363 inter-

252 384 488 438 polantium
529 383 803 428 sedulitatem
843 385 959 428 nullo
999 386 1125 429 modo
1167 387 1346 441 evincat,
1392 387 1443 431 cf.
1483 388 1655 443 Ussiny.
1698 388 1762 431 ed.

251 452 375 506 Epid.
417 465 460 507 p.
483 455 567 496 244
594 465 685 508 sqq.
753 452 951 496 Ceterum
987 453 1051 496 M.
1066 453 1370 511 Niemeyerius
1399 457 1637 511 generatim
1683 457 1765 500 huc

251 521 513 574 pertinentia
541 521 781 565 rectissime
817 523 982 565 monuit
1017 523 1363 579 dignissimaque‚
1404 537 1512 579 quae
1541 525 1585 568 in
1614 529 1764 579 pectus

252 589 548 644 demittantur,
573 590 680 634 ‘vid.
712 590 820 634 Phil.
851 591 1197 636 Wochenschrift
1239 593 1305 637 ed.
1359 593 1422 637 W.
1466 593 1765 649 Hirschfelder

250 658 390 702 Berol.
429 663 534 702 1881
567 672 607 713 p.
630 663 698 702 41.
733 684 785 690 —-
816 660 1009 703 Remotis
1040 661 1175 716 igitur
1204 663 1278 714 eis,
1311 675 1420 717 quae
1448 662 1504 705 R.
1525 662 1762 716 Mallem-9,

256 726 300 770 Ο.
324 727 378 771 F.
407 728 710 783 WMicllerus,
741 728 1012 784 Lanyenius,
1042 729 1289 786 Ussinyius,
1321 731 1562 788 Hasperus,
1593 732 1666 775 alii
1696 732 1764 774 hic

248 796 336 839 illic
363 799 649 850 tentaverunt,
682 797 719 840 si
749 796 986 855 οἰκονομίαν,
1031 802 1080 842 ιιι
1109 800 1171 842 ita
1201 800 1351 854 dicam,
1394 804 1647 854 spectamus,
1679 813 1763 843 non

250 869 330 918 est,
352 878 430 910 cur
448 866 709 910 strictiorem
729 865 1044 920 desideremus3
1076 868 1290 912 artissime
1306 869 1418 913 enim
1435 881 1579 913 omnes
1595 868 1764 913 fabulae

248 937 396 988 partes
426 935 541 978 inter
569 947 615 978 se
645 934 877 977 cohaerent
907 935 1163 990 eaedemque
1202 937 1264 979 ita
1299 937 1412 980 inter
1454 950 1501 980 se
1531 938 1763 991 dispositae

249 1006 364 1056 sunt,
409 1007 459 1047 ut
493 1003 606 1047 haud
654 1001 827 1046 difficile
874 1003 932 1046 sit
976 1017 1245 1059 cognoscere,
1292 1010 1422 1060 quoto
1467 1018 1594 1049 versu
1636 1009 1764 1060 poeta

249 1072 441 1126 singulos
472 1076 593 1116 actus
620 1071 880 1127 finiverit.⁴³)
940 1073 1046 1116 Rem
1083 1073 1221 1127 ipsam
1250 1073 1430 1117 Plautus
1467 1075 1530 1118 ita
1558 1075 1761 1128 instituit,

247 1144 297 1183 ut
315 1138 482 1195 Epidici
511 1141 632 1195 prior
660 1140 779 1184 fraus
805 1142 944 1196 primo
976 1144 1074 1184 actu
1103 1145 1152 1184 ut
1171 1141 1340 1196 integra
1367 1141 1593 1194 referatur,
1625 1143 1763 1186 altera

249 1209 435 1253 secundo
473 1210 687 1264 tertioque
724 1209 1000 1253 festivissime
1035 1210 1235 1252 instituta
1271 1211 1520 1265 insequente
1554 1212 1761 1266 temporis

248 1278 474 1322 intervallo
494 1281 704 1333 patretur,
737 1278 890 1321 deinde
910 1281 1093 1332 utraque
1119 1278 1233 1321 servi
1254 1278 1422 1321 fallacia
1441 1279 1587 1333 iniquo
1618 1291 1762 1323 rerum

248 1359 458 1391 concursu
495 1350 648 1402 quarto
694 1346 883 1401 patefiat,
931 1346 1113 1400 denique
1156 1348 1296 1390 omnia
1342 1347 1534 1402 pericula
1579 1348 1760 1391 scelesto

247 1416 377 1471 capiti
407 1416 672 1459 imminentia
706 1416 916 1470 singulari
954 1416 1137 1470 quodam
1184 1415 1381 1460 fortunae
1426 1416 1572 1460 favore
1612 1418 1760 1472 quinto

245 1486 540 1540 profligentur.
601 1484 963 1536 Quemadmodum
1004 1487 1147 1527 autem
1182 1497 1459 1539 unaquaeque
1503 1498 1629 1529 scena
1662 1486 1761 1529 huic

246 1554 458 1598 dilucidae
488 1553 740 1608 disponendi
770 1552 928 1596 rationi
958 1553 1192 1606 conveniat,
1225 1557 1269 1596 et
1298 1554 1469 1608 longum
1490 1557 1558 1597 est
1588 1554 1759 1597 demon-

246 1627 388 1666 strare
417 1626 462 1665 et
492 1634 866 1675 supervacaneum,
908 1621 1008 1674 quia
1044 1622 1149 1664 nihil
1184 1626 1355 1675 poetam
1391 1623 1483 1664 sine
1513 1626 1630 1665 certo
1661 1635 1758 1665 con-

247 1691 344 1735 silio
374 1690 568 1734 molitum
609 1701 705 1733 esse
744 1687 828 1733 sibi
866 1690 1143 1743 persuaserit,
1192 1690 1264 1744 qui
1305 1690 1396 1733 sine
1427 1690 1493 1733 ira
1532 1693 1576 1733 et
1616 1690 1758 1734 studio

245 1759 432 1803 fabulam
472 1759 718 1814 perlegerit.
788 1759 909 1802 Idem
950 1757 1041 1802 fere
1083 1759 1136 1802 de
1169 1759 1374 1813 personis
1415 1759 1638 1803 dicendum
1678 1763 1757 1813 est,

244 1829 398 1885 quibus
429 1827 603 1872 eaedem
632 1827 817 1871 virtutes
844 1839 981 1882 neque
1011 1827 1195 1870 maiores
1224 1827 1414 1871 maculae
1443 1828 1601 1882 insunt,
1633 1840 1758 1883 quam

245 1910 351 1953 quas
381 1897 592 1941 Plautinis
623 1896 851 1940 comoediis
881 1909 1124 1939 communes
1161 1909 1257 1940 esse
1295 1896 1347 1939 G.
1381 1896 1435 1939 A.
1469 1896 1683 1939 Beckerus
1714 1897 1757 1938 in

244 1969 409 2021 quaest.
442 1965 495 2010 de
516 1965 661 2009 comic.
680 1965 799 2008 Rom.
821 1963 951 2008 fabul.
983 1968 1107 2018 parte
1127 1965 1265 2008 altera
1295 1965 1549 2020 (,Vindiciae
1570 1964 1756 2008 comoed.

243 2035 384 2089 Rom.)
429 2038 547 2078 recte
590 2034 766 2085 monuit,
812 2033 885 2076 ubi
922 2045 1051 2087 quum
1082 2032 1336 2076 offensiones
1379 2034 1424 2076 in
1467 2033 1548 2076 hac
1591 2045 1758 2087 quoque

243 2102 390 2147 fabula
433 2103 662 2147 admodum
690 2102 883 2146 valentes
929 2102 981 2145 de
1026 2102 1255 2156 querulosa
1299 2101 1559 2157 epheborum
1603 2101 1759 2145 inertia

243 2185 477 2227 senumque
507 2172 666 2215 stolida
700 2171 955 2215 credulitate
990 2170 1279 2225 proferuntur,
1319 2175 1410 2214 tum
1439 2170 1605 2224 Epidici
1644 2171 1757 2214 servi

242 2241 337 2284 laus
374 2241 546 2295 egregie
585 2240 931 2297 praedicatur,⁴⁴)
974 2240 1197 2294 imprimis,
1239 2240 1276 2282 si
1313 2240 1416 2294 quid
1455 2238 1660 2293 videmus,
1702 2238 1757 2282 ob

243 2309 441 2353 festivam
461 2310 555 2353 eius
576 2309 845 2353 dicacitatem
866 2313 993 2364 atque
1012 2308 1264 2352 facetiarum
1283 2308 1579 2363 frequentiam,
1601 2307 1757 2362 quibus

243 2392 296 2422 ne
336 2379 380 2421 in
420 2391 584 2422 summo
626 2379 799 2433 quidem
839 2378 1085 2422 discrimine
1133 2390 1278 2420 rerum
1325 2377 1612 2432 deseritur.⁴⁵)
1673 2377 1756 2420 Sed

242 2460 377 2502 aeque
412 2448 491 2491 hac
525 2448 569 2490 in
605 2460 653 2491 re
689 2452 817 2503 atque
853 2448 897 2490 in
937 2447 1153 2489 sermonis
1190 2447 1326 2489 colore
1361 2446 1589 2501 viyoreque
1610 2438 1757 2489 'aesti-

241 2516 396 2559 mando
431 2516 475 2559 in
509 2516 637 2560 laude
672 2516 1018 2560 doctissimorum
1057 2515 1247 2558 virorum
1277 2515 1361 2558 erit
1390 2514 1754 2569 acquiescendum,

242 2585 583 2640 quandoquidem
609 2585 714 2628 haec
732 2585 1065 2639 uniuscuiusque
1083 2584 1236 2626 sensui
1265 2587 1354 2627 tam
1373 2583 1497 2626 unice
1527 2586 1627 2627 sunt
1657 2583 1755 2626 sub-

241 2655 365 2707 iecta,
396 2657 445 2697 ut
472 2658 833 2710 aryumeoztorum
862 2658 1092 2708 momenta,
1124 2652 1322 2708 qualibus
1344 2652 1481 2696 adhuc
1502 2653 1755 2696 sententiam

242 2723 354 2766 tueri
386 2723 675 2779 studebamus,
706 2723 851 2768 afferri
881 2735 965 2766 non
995 2723 1176 2777 possint.
1219 2721 1265 2764 Si
1286 2721 1353 2764 dis
1373 2721 1525 2775 placet,
1556 2721 1640 2764 alio
1661 2722 1754 2764 loco
