2052 3172
1002 132 1025 171 5

306 266 498 319 -n,1—3
520 266 577 321 (v,
599 265 841 320 166—319)
858 265 1123 321 Periphanes
1144 277 1271 309 senex
1289 278 1384 308 cum
1406 265 1618 320 Apoecide
1638 265 1772 308 amico

190 384 193 385 ⁷
266 335 481 378 inducitur
521 335 632 377 inter
669 335 752 378 alia
791 337 948 389 prioris
979 335 1278 389 Stratippoclis
1320 336 1477 378 amoris
1515 335 1772 378 mentionem

265 402 467 457 faciente,
489 403 609 447 cuius
630 402 742 447 fama
760 407 862 448 tunc
881 404 1005 448 modo
1026 405 1081 447 ad
1111 416 1237 447 aures
1259 403 1350 447 cius
1380 403 1592 457 pervenit:
1625 406 1772 446 contra

266 458 370 525 quos
399 472 603 525 Epidicus
634 472 876 516 Chaeribuli
906 472 1082 519 aedibus
1123 484 1322 526 egressus
1352 471 1545 514 fallacem
1586 484 1771 525 pugnam

266 540 665 593 committit,·quu1n
701 540 857 596 ubique
895 555 940 585 se
975 542 1073 585 illos
1112 553 1318 595 quaerere
1347 540 1533 592 simulat,
1570 543 1619 582 ut
1653 539 1772 583 Stra-

266 608 493 662 tippoclem
531 612 705 661 postero
748 610 816 652 die
857 615 1081 654 venturum
1121 610 1308 652 nuntiet:
1367 622 1418 651 ex
1457 609 1620 651 duabus
1660 609 1772 651 enim

265 677 418 730 puellis
458 689 504 718 se
541 678 797 731 comperisse
827 679 1019 722 iuvenem
1059 678 1219 721 amicae
1248 677 1496 720 liberandae
1536 689 1664 720 causa
1703 689 1771 718 ar-

266 748 440 798 gentum
469 758 495 787 a
523 744 764 802 feneratore
795 749 1046 802 sumpsisse:
1079 746 1272 799 suadere,
1303 750 1353 789 ut
1381 745 1468 788 filio
1500 758 1625 799 quam
1656 746 1771 788 citis-

267 813 372 856 sime
401 826 575 857 uxorem
607 815 834 870 destinent,
866 829 1034 859 servam
1063 816 1180 858 illam
1199 841 1257 846 —
1277 815 1415 859 adhuc
1445 815 1488 857 in
1518 814 1771 858 feneratoris

267 882 427 925 ditione
467 887 708 927 versantem
749 884 800 927 cf.
843 898 879 928 v.
933 889 1021 937 110,
1068 889 1149 928 627
1195 897 1285 938 sqq.
1333 909 1391 914 —
1430 886 1771 938 praemercantes

266 951 436 993 tollant:
473 952 683 994 Rhodium
719 953 896 996 militem
932 954 1139 1007 quendam
1168 953 1351 997 libenter
1388 965 1481 996 eam
1517 957 1770 1006 empturum.

267 1018 406 1060 Unum
436 1020 666 1062 cavendum
698 1033 806 1075 esse,
837 1034 890 1064 ne
910 1022 1171 1075 Periphanes
1202 1022 1295 1075 ipse
1324 1033 1490 1064 servam
1520 1020 1688 1062 solvens
1719 1020 1771 1062 de

267 1087 456 1129 consiliis
498 1088 587 1130 suis
628 1089 769 1132 lenoni
813 1114 868 1120 —
913 1091 1026 1144 apud
1066 1103 1189 1144 quem
1235 1090 1411 1132 amicam
1442 1079 1637 1131 ‘Athenis
1677 1101 1771 1131 esse

266 1154 427 1198 fraudis
458 1168 586 1199 causa
625 1158 842 1212 mentitur,
883 1158 933 1201 cf.
968 1171 1008 1214 q.
1041 1171 1130 1212 sqq.
1175 1182 1227 1187 —
1269 1157 1550 1211 suspicionem
1589 1160 1769 1199 moveat.

267 1223 451 1266 Probato
482 1226 657 1268 consilio
688 1228 845 1280 emptio
867 1227 1071 1281 Apoecidi
1092 1228 1153 1269 ita
1175 1227 1469 1278 committitur,
1500 1229 1549 1268 ut
1568 1225 1770 1279 Epidicus

266 1296 364 1346 post
394 1305 536 1335 senem
565 1294 660 1337 aliis
690 1295 814 1338 modo
851 1295 980 1338 rebus
1011 1299 1262 1349 occupatum
1297 1298 1520 1348 argentum
1558 1293 1601 1335 in
1631 1292 1771 1335 forum

266 1360 388 1403 ferat.
439 1362 630 1415 Denique
651 1376 688 1405 v.
714 1366 795 1405 306
819 1376 908 1417 sqq.
941 1364 1104 1406 cantico
1136 1364 1349 1417 percurrit
1378 1366 1577 1405 versutus
1608 1373 1770 1412 servus,

266 1429 474 1483 quomodo
505 1442 627 1473 senes
657 1431 709 1474 de
739 1432 881 1485 puella
912 1432 1165 1486 decepturus
1196 1432 1265 1474 sit.

323 1521 398 1573 111,
421 1525 526 1564 1-2
559 1522 614 1577 (v.
634 1523 877 1577 320—381)
910 1524 1185 1578 Stratippocli
1207 1522 1506 1566 Chaeribulum
1529 1523 1582 1564 ob
1603 1522 1771 1575 argenti

265 1590 484 1642 penuriam
524 1590 799 1645 exprobranti
836 1593 1039 1647 Epidicus
1080 1606 1173 1635 cum
1213 1593 1337 1646 pleno
1388 1591 1604 1645 marsupio
1646 1591 1770 1634 domo

265 1658 517 1720 Periphanis
547 1672 744 1713 egressus
775 1673 882 1714 quae
912 1661 995 1703 iam
1019 1664 1211 1715 peracta,
1243 1673 1351 1714 quae
1382 1660 1580 1713 deinceps
1607 1659 1772 1713 agenda

227 1781 233 1785 Ι
267 1727 364 1779 sint,
396 1728 578 1771 indicat:
622 1729 830 1782 lenonem,
869 1743 894 1772 a
923 1743 1005 1783 quo
1043 1734 1141 1772 ante
1180 1734 1270 1772 tres
1310 1729 1401 1772 dies
1430 1729 1615 1783 priorem
1655 1728 1771 1770 illam

266 1794 477 1838 fidicinam
507 1800 718 1839 mercatus
749 1798 818 1850 sit,
861 1810 907 1840 se
937 1799 1172 1851 docturum,
1213 1802 1271 1850 ut,
1305 1798 1341 1840 si
1371 1798 1467 1851 quis
1496 1800 1631 1851 roget,
1671 1808 1771 1838 num

266 1877 345 1918 pro
385 1864 525 1923 puella
564 1869 788 1918 argentum
826 1868 1050 1921 acceperit,
1105 1867 1181 1909 hoc
1227 1860 1403 1917 annuat3
1459 1866 1671 1919 emptione
1711 1865 1772 1907 ita

268 1932 466 1976 simulata
485 1932 656 1976 senibus
677 1933 887 1978 fidicinam
910 1935 1161 1978 conductam
1181 1947 1258 1989 pro
1279 1934 1610 1989 praemercanda
1630 1933 1772 1988 puella

268 2004 600 2056 suppositurum,
641 2003 727 2046 filio
759 2017 902 2047 veram
932 2005 1109 2047 amicam
1142 2018 1164 2047 e
1194 2004 1448 2047 feneratoris
1489 2016 1616 2045 manu
1657 2003 1771 2045 solu-

267 2075 422 2114 turum.

322 2163 426 2216 IV,l
462 2163 667 2217 (=111,3
706 2164 802 2217 ἅμα,
834 2177 870 2206 v.
890 2165 1147 2219 382—432).
1198 2165 1373 2218 Epidico
1403 2163 1544 2205 omnia
1562 2161 1673 2204 belle
1705 2174 1770 2204 ce-

268 2231 421 2273 cidisse
441 2232 666 2285 Apoecidis
695 2234 858 2276 reversi
878 2233 1020 2276 verbis
1051 2235 1264 2287 discimus,
1295 2233 1367 2287 qui
1387 2232 1635 2275 conductam
1656 2231 1771 2272 illam

267 2299 477 2342 fidicinam
515 2313 668 2355 magna
708 2314 802 2344 cum
841 2302 967 2345 laude
997 2303 1109 2346 servi
1149 2315 1227 2357 pro
1267 2299 1598 2356 praemercanda
1637 2299 1773 2341 amica

266 2369 495 2423 Periphani
526 2371 661 2413 tradit
697 2372 749 2414 ob
779 2385 956 2426 eamque
995 2385 1086 2415 rem
1115 2371 1168 2414 ab
1198 2372 1277 2415 hoc
1307 2370 1455 2413 eximie
1485 2367 1771 2423 praedicatur,

268 2440 367 2484 dum
397 2440 489 2494 ipse
518 2441 660 2494 puella
689 2441 732 2483 in
754 2440 930 2484 aedibus
961 2442 1159 2485 conclusa
1189 2441 1242 2484 ad
1273 2440 1396 2484 amici
1417 2438 1645 2483 cuiuslibet
1674 2450 1771 2480 cau-

267 2501 358 2553 sam
388 2511 595 2565 agendam
624 2511 669 2553 in
698 2511 837 2554 forum
868 2512 969 2554 abit.
1168 2503 1170 2505 ¹

315 2603 396 2656 IV,
415 2607 439 2646 2
471 2604 538 2659 (=
560 2603 635 2657 III,
653 2607 680 2645 4
708 2603 814 2657 Gz„
845 2617 883 2646 v.
902 2607 984 2647 433
1004 2629 1030 2634 -
1048 2607 1161 2658 525).
1214 2602 1528 2656 Grand-iloquus
1558 2602 1630 2644 ille
1650 2602 1772 2644 miles

267 2671 471 2725 Rhodius,
528 2672 647 2715 alias·
689 2672 903 2716 Euboicus
959 2674 1132 2716 advenit
1187 2672 1546 2725 Acropolistidem
1595 2671 1772 2714 amicam

271 2743 503 2794 empturus.
565 2740 686 2792 Quod
716 2744 856 2784 autem
887 2742 991 2784 haec
1022 2741 1100 2785 sub
1130 2740 1356 2784 Telestidis
1391 2740 1505 2783 filiae
1534 2740 1703 2783 nomine
1731 2741 1774 2782 in
